2018 3578
97 166 147 246 801
226 154 818 242 Oesuuvnrroreus'

101 378 105 383 ·
146 350 249 421 Ratio
273 348 467 420 numerandi
493 370 552 438 per
573 342 679 416 Eram
700 339 916 444 abroganluit

94 449 298 535 Era<142n
324 449 359 517 id
383 446 448 530 est,
473 468 562 516 anno
585 444 712 517 Christi
740 451 842 541 1383.
861 446 915 517 Era

93 552 195 644 igitur
218 567 278 639 97.
311 544 374 617 fuir
407 565 512 637 ¹397·
543 565 618 634 quae
642 544 825 636 respondet
845 567 914 618 anno

93 646 216 718 Christi
237 658 341 738 1339.
368 640 462 736 cujus
475 646 551 714 eniri
566 643 797 734 proculdubio
811 647 914 717 ellhoc

91 745 267 842 regestum.

100 855 103 861 ’
140 843 305 940 Quartum
329 841 472 929 denique
495 838 539 908 fic
564 836 692 910 habet:
728 839 830 910 Datis
848 840 912 911 Du·

90 937 183 1113 §pffte
209 964 240 1011 2.
284 940 352 1008 idus
375 938 484 1033 aprilis
506 958 587 1006 anno
609 933 764 1012 XXXII.
812 938 914 1034 (Datis

125 1040 211 1110 arluc
230 1059 259 1126 3.
289 1060 384 1106 notros
408 1037 504 1106 manlii
525 1057 605 1103 anno
627 1034 802 1128 XXXII.)
830 1039 913 1110 Daris

89 1136 236 1210 Volenlie
251 1134 295 1206 X.
319 1134 393 1207 Kal.
415 1134 579 1207 Februarii
599 1156 681 1203 enno
695 1133 809 1207 XXX.
834 1138 912 1208 Ani·

90 1242 151 1309 'cus
174 1257 286 1318 meus,
311 1238 369 1324 qui
391 1254 514 1304 nomen
536 1231 626 1303 luunr
645 1239 749 1305 taceri
765 1235 855 1320 vult,
877 1239 911 1305 ait

89 1335 158 1407 hoc
172 1335 365 1405 adnotatum
383 1333 472 1403 soille
489 1324 563 1421 post
576 1354 699 1401 annum
722 1353 828 1425 1300.
849 1336 911 1426 quia

88 1434 243 1506 foliolum
271 1433 337 1502 hoc
361 1453 527 1523 repertum
552 1429 614 1498 suit
637 1432 671 1498 in
695 1429 786 1502 libro
809 1433 910 1530 Regu

88 1533 306 1606 cancellariae
336 1529 464 1601 Allonli
487 1551 533 1599 ιν.
587 1528 694 1622 Regis
716 1531 910 1628 Aragonun.

88 1633 144 1704 Tu
177 1635 248 1703 haec
275 1632 386 1700 omnia
409 1647 562 1699 accurate
586 1630 805 1718 perpendes,
837 1629 911 1705 &ia

89 1731 182 1801 usum
208 1751 300 1800 tuunr
316 1729 508 1819 applicabis.
557 1723 649 1794 Idem
668 1730 797 1802 amicus
816 1750 912 1812 meusj

89 1831 123 1898 in
145 1825 327 1898 Tabulario
347 1824 505 1897 Ecclessae
520 1825 552 1895 T
553 1823 692 1894 oletanae
709 1827 795 1899 vidit
811 1850 912 1921 quan·

88 1924 245 2019 plurimas
282 1923 410 1992 chartas
443 1948 461 1992 e
497 1925 567 2007 lino
602 1922 736 2012 scriptas
770 1945 916 2018 tempore

89 2023 211 2098 sanun
234 2041 462 2113 cognomento
487 2023 643 2102 Ferocis,
669 2018 705 2092 ἃ
729 2028 911 2097 nominatim

90 2132 236 2197 rationes
254 2119 431 2216 originales
447 2115 595 2213 ejusdem
611 2117 729 2211 Regis.
779 2125 851 2203 Sed
866 2125 913 2194 ni·
952 2208 954 2217 Ι

89 2234 257 2292 runa-non
281 2221 353 2304 eli,
385 2240 462 2288 cnm
488 2218 676 2313 hujusmodi
699 2218 855 2308 Charta,
884 2239 912 2292 ur
952 2246 954 2263 ¹

90 2340 157 2413 ego
173 2318 341 2400 existimo,
366 2321 533 2408 antiquior
548 2317 596 2387 fit.
625 2314 795 2406 judicium
812 2341 910 2405 tuum,

89 2414 210 2510 &julla
221 2418 317 2485 etiam
328 2420 479 2505 expello,
499 2416 601 2496 Vale,
615 2415 799 2487 litterarum
810 2422 909 2490 decus.

89 2516 280 2589 Olivaexrv.
306 2509 381 2584 Cal.
406 2515 568 2612 Augustas
586 2513 652 2583 An.
678 2512 859 2590 nuccnxn.
