2018 3578
143 114 215 169 ιιιο
287 88 872 165 Ousenrurron'rs

141 275 224 348 ediis·
247 271 382 353 liuerbg
407 288 481 359 quae
503 286 585 339 vero
603 286 674 338 non
695 286 898 361 potuerunt,
918 276 965 347 nid

142 371 294 466 smgulae,
320 370 362 440 ud
377 388 506 438 aetutem
523 367 663 437 nostrum
681 369 877 458 perdurare.

160 484 164 491 '
193 471 229 542 ln
252 468 373 541 charta·
396 464 493 558 ipsius
515 466 666 536 examine
689 465 713 536 ii
740 469 871 562 reliqua
893 471 966 543 bene

141 567 176 640 ie
200 569 362 646 habeant,
387 565 442 637 ista
466 585 576 647 certe,
605 583 679 654 quae
702 570 791 638 inter
806 568 880 657 Te,
905 592 966 663 per·

139 666 270 739 illustris
333 662 591 744 Meermanne,
646 661 969 760 litteratiffimumqu

138 764 336 859 Majansrum
369 762 527 855 disputata
558 758 656 847 sunt,
698 786 776 855 quae
807 771 853 838 ab
882 772 967 851 aliis,

138 863 214 936 Τιιιι
239 863 454 942 invitatione,
483 857 626 930 officiose
655 865 840 956 congesta,
876 870 968 962 pluri·

138 983 230 1034 mum
264 959 471 1053 proderunt,
503 979 566 1041 ut,
599 958 715 1052 majori
742 984 821 1035 cum
847 969 927 1058 pers
954 1004 966 1021 ·

136 1060 245 1144 fione,
271 1055 307 1130 dr
333 1059 578 1148 propemodum
598 1056 752 1146 fiducia,
788 1063 887 1151 haec,
910 1066 966 1136 'iiia

134 1158 275 1230 statuere
299 1152 463 1248 poffimus,
516 1156 562 1226 Αι
585 1160 760 1251 continget
785 1183 898 1235 temen
917 1165 966 1236 eii·

136 1259 295 1348 quando,
322 1275 359 1327 ιιι
383 1258 415 1324 in
440 1256 514 1326 talia
537 1256 749 1344 incidamus,
786 1260 832 1331 de
855 1267 982 1356 quibus-

86 1351 88 1358 ’
136 1356 324 1427 elurissimus
355 1351 456 1424 colcu
485 1355 525 1422 du
557 1353 650 1424 Cerei
679 1359 883 1450 conquestus
907 1363 963 1440 eii,

135 1453 248 1546 (Obs.
274 1476 350 1550 pag.
376 1453 475 1543 99),
510 1474 584 1543 quae
615 1455 689 1544 plus
718 1459 820 1528 nobie
845 1459 964 1557 negotii

134 1553 314 1637 facessam
354 1555 457 1621 immo
484 1555 582 1620 etiam
606 1574 678 1644 quae
703 1577 805 1646 quam
830 1563 965 1631 maxime

135 1653 247 1723 dubia.
297 1650 365 1722 Sed
391 1651 477 1720 istius
492 1671 628 1742 quoque
641 1657 773 1747 generis
790 1657 967 1730 documen·

136 1771 167 1820 ra
189 1769 340 1819 accurate
357 1746 541 1817 describere
558 1752 724 1821 intererit:
748 1777 827 1826 cum
843 1760 886 1829 ad
902 1776 962 1827 rem

135 1845 317 1918 universam
356 1844 433 1913 inde
473 1847 699 1919 conclufiones
732 1845 817 1944 epte
850 1856 964 1930 deduci

133 1943 269 2039 poffint:
296 1941 389 2034 cujus
414 1945 535 2015 indolis
559 1970 605 2015 eu·
618 1949 810 2037 censemus,
838 1957 965 2046 quaede

134 2049 245 2120 mixtae
262 2046 405 2114 materiae
421 2043 532 2114 charta
552 2052 685 2140 egregie
703 2050 890 2142 conjecisti.
943 2120 947 2127 .

138 2171 144 2177 ·
185 2142 268 2212 Erui
292 2139 427 2212 fortaisrs
453 2162 612 2231 praeterea
637 2148 786 2218 nondum
810 2173 963 2245 percepta

131 2242 195 2314 ulia
230 2258 411 2330 poterunt:
443 2239 599 2330 siquando
631 2245 779 2332 artifex,
821 2253 961 2343 persedie

133 2338 300 2420 eruditur,
325 2357 496 2427 artemque
522 2340 609 2408 suum
635 2343 773 2434 majori,
799 2371 901 2438 quam
925 2355 961 2420 ab

131 2436 337 2511 mercenario
363 2435 498 2506 homine
520 2437 591 2508 fieri
614 2437 722 2527 solet,
761 2445 874 2518 studio
895 2450 963 2520 adr·

132 2559 248 2621 mans,
281 2555 363 2603 nava
392 2533 571 2626 dextraque
600 2557 732 2629 opera,
765 2545 801 2616 in
827 2549 961 2638 chartis,

131 2657 210 2704 cum
235 2654 277 2702 ex
302 2633 484 2722 panniculis
508 2634 702 2729 goiiypinis,
730 2642 958 2738 bombycinis,

129 2730 261 2814 sericis,
286 2729 423 2818 limeis,
458 2752 528 2802 tum
557 2755 597 2804 ex
624 2733 696 2827 ipso
712 2732 837 2829 ,nadivo
860 2746 958 2840 goiiy·

128 2831 207 2922 pio,
234 2827 399 2920 sericaque
425 2828 599 2926 lanugine,
631 2854 699 2905 tum
725 2859 767 2908 ex
795 2845 958 2936 utriusque

125 2947 208 3005 cum
232 2923 331 2999 lintea
355 2932 490 3002 materia
515 2931 758 3034 permixtione,
776 2943 957 3016 conficien-

894 3044 954 3131 dis,
