2018 3578
172 161 238 247 ΒΕ
263 161 581 244 OarraCrrnur.
611 168 772 248 Linum.
847 174 905 251 ἀὲ,

103 401 131 443 ,,
160 349 278 426 Petrus
308 353 361 423 dei
393 353 495 447 gratia
519 370 580 419 rex
600 371 782 446 aragonum
806 350 902 427 caia.

68 482 80 538 ‘a
108 451 178 526 &c
206 452 327 522 dilesio
348 449 534 520 consiliario
556 448 666 518 nostro
689 449 826 520 amaldo
852 451 902 536 de

72 605 85 640 ,
110 553 255 622 moraris
272 549 385 619 bainlo
400 550 493 644 regni
511 546 901 641 valentinigcneralinec.

68 695 85 735 a,
110 670 181 718 non
200 647 288 718 fideli
304 647 363 719 suo
379 647 494 716 baiulo
510 645 575 715 xat’
591 644 643 714 vel
664 667 779 717 eorum
790 644 901 735 socat’s

68 795 86 832 ,‚
113 751 304 838 parentibus
339 745 392 814 vel
428 748 485 834 qui
512 765 576 834 pro
599 765 750 834 tempore
775 741 900 824 fuerint

68 897 87 929 ,,
116 845 251 915 salutem
283 841 318 916 δι
349 842 471 912 dilect!
497 841 566 911 Etsr
590 841 709 936 regalis
731 843 899 936 prehemi·¹

68 986 89 1029 ,,
115 949 236 1012 neucie
251 943 414 1012 incumbit
431 939 538 1012 officio
553 939 758 1010 subditorum
769 942 902 1014 incana

68 1070 85 1122 a
116 1043 216 1110 moda
241 1044 365 1111 euitare
385 1040 448 1109 iliis
466 1060 574 1109 tamen
591 1041 750 1130 precipue
766 1061 899 1113 tenetur

68 1186 87 1221 ,‚
114 1159 291 1210 occurrere
311 1160 377 1228 que
401 1143 434 1208 in
464 1137 620 1208 damnum
643 1138 826 1230 reipublice
846 1161 900 1210 re·,

68 1290 86 1323 ,‚
115 1238 263 1308 dundare
295 1240 406 1328 potius
431 1237 658 1307 dinoscuntur.
707 1235 793 1307 Sane
818 1236 901 1319 srcut

68 1386 89 1417 „
115 1357 232 1406 rumor
256 1335 399 1425 plurium
422 1336 607 1405 nostrorum
631 1333 840 1405 familiarium
857 1357 900 1410 ac

68 1484 89 1518 „
116 1433 353 1504 nonnullorum
379 1436 477 1503 etiam
504 1433 643 1502 aliorum
663 1433 808 1504 nostrum
826 1455 901 1525 cre-,

68 1577 90 1619 ,‚
117 1533 193 1602 bius
209 1530 348 1623 pulsavit
366 1531 513 1601 auditum
529 1550 595 1599 tam
607 1533 780 1600 incivitate
791 1530 902 1604 ualen-¹

68 1681 92 1718 „
120 1633 166 1700 tie
181 1651 280 1720 quatu
296 1632 393 1698 etiam
410 1626 536 1698 inuat':
563 1625 902 1722 artificesacmagisiri

68 1779 93 1816 ‚‚
119 1734 270 1820 papirum
304 1727 504 1797 fabricantes
530 1726 633 1816 ipsam
657 1729 807 1819 papirum
834 1750 902 1812 tam

68 1877 93 1911 „
118 1833 151 1897 in
170 1827 276 1896 sorma
291 1846 389 1916 quam
407 1828 440 1895 in
456 1824 519 1895 cisa
534 1824 623 1914 (hoc
638 1825 703 1908 est,
723 1826 902 1921 incisione)

68 1974 93 2010 „
118 1923 158 1998 ἃ
183 1923 227 1992 al’
251 1913 416 2013 exquisitis
440 1923 608 1994 fraudibus
630 1923 902 2006 anichisarunt&

68 2074 92 2111 ,,
118 2025 329 2093 destruerunt
345 2024 430 2093 adeo
446 2043 511 2113 que
530 2020 903 2114 registra&capibrevia

68 2169 95 2205 ‚‚
121 2117 335 2193 curiarum&
352 2126 557 2192 notariorum
573 2120 901 2210 inquibusscripture

69 2269 96 2304 „
123 2219 259 2311 publice
276 2215 311 2290 ὅ(
326 2222 490 2289 autentice
506 2219 731 2287 reconduntur
745 2239 783 2289 ac
802 2221 904 2292 etiam

69 2368 97 2402 ‚,
120 2317 331 2412 registrantnr
360 2315 400 2388 &
433 2316 508 2385 libri
533 2316 729 2406 privatarum
750 2315 906 2408 persona·

72 2419 98 2499 ,ς
123 2438 197 2485 rum
223 2413 305 2485 infra
330 2416 439 2485 brevis
463 2416 622 2503 temporis
647 2413 791 2505 spacium
816 2413 905 2487 laces·

69 2564 98 2599 ,,
124 2535 235 2583 rantur
252 2508 290 2582 ἃ
307 2514 513 2584 destruuntur
527 2510 561 2583 δι
579 2511 659 2583 folia
675 2513 752 2582 inde
766 2513 809 2582 ad
820 2515 905 2587 inui÷

69 2642 98 2697 ·,‚
124 2633 199 2681 cem
224 2610 410 2700 separantur
437 2633 502 2680 nec
528 2612 633 2680 minus
655 2612 687 2678 in
705 2608 906 2700 processibus

69 2739 100 2794 a„
125 2712 288 2797 curiarum
309 2708 361 2779 scu
384 2710 490 2778 litium
508 2708 622 2802 regule
639 2706 694 2777 seu
711 2707 799 2779 linee
816 2712 906 2784 iuxta

75 2859 99 2892 ‚,
122 2807 347 2900 prouifionem
381 2809 505 2902 regiam
535 2810 569 2875 in
596 2804 728 2899 srngtssis
751 2807 840 2880 soliis
863 2833 905 2885 ac

74 2908 254 3000 „paginis
279 2907 428 2975 ordinate
453 2902 571 2997 possuit
595 2906 699 2994 recipi
717 2902 772 2977 seu
788 2907 902 2979 scribi:

75 3051 99 3091 ‚‚
126 3024 267 3097 quorum
314 3023 487 3096 pretextu.
515 3003 680 3099 litigantes
726 3005 904 3096 plurimum

73 3098 78 3115 ²
312 3103 315 3107 ’
651 3178 653 3182 ,
736 3152 762 3195 ,‚
787 3123 908 3178 vexan-
