2018 3578
107 121 173 191 118
250 112 821 185 Onsnavnaronss

102 317 196 370 mam
229 311 381 381 tempore
411 288 486 382 post
516 294 649 362 inventa
675 290 770 379 suit,
804 294 918 385 partin,

103 415 204 488 quum
230 393 366 461 nimium
388 389 609 472 summosam,
646 393 779 463 tardum
804 415 840 462 ac
858 390 921 462 diffi-

101 492 167 564 cile
192 489 369 561 admodum
397 487 541 558 futurum
560 487 688 571 fuiffet,
714 493 748 559 in
767 488 923 586 Pergame-

101 592 153 662 nis
189 610 245 660 aut
283 584 490 657 Membranis
529 587 738 680 Apographa
781 589 833 657 illa
862 608 925 659 curn

101 692 249 760 centenis
276 688 345 754 imo
364 684 508 754 millibus
524 685 697 754 hominum
717 689 789 757 eius
805 687 927 757 Ordinis

100 787 358 859 communicare.
410 780 457 853 Et
482 805 541 852 cur
566 783 699 853 tandem
718 785 785 855 fine
801 784 929 855 eauiiaa

99 887 235 981 propria
260 879 294 952 &
318 885 426 948 natira
443 880 683 974 fignificatione
699 886 795 952 vocis
813 882 927 977 (barra

100 987 225 1073 absque
246 977 432 1048 neceffitate
450 977 667 1063 deflexissent,
694 1002 795 1071 atque
811 1003 849 1051 ea
860 1003 929 1073 pro·

97 1082 221 1151 miscne
250 1074 516 1147 membranas&
547 1076 770 1169 pergamenas
788 1101 929 1171 compre·

95 1174 298 1259 hendiffent,
318 1196 420 1265 quum
438 1177 500 1244 iam
519 1174 613 1266 supra
629 1175 689 1246 sub
705 1174 777 1247 No.
803 1199 831 1246 1.
850 1175 882 1250 &
899 1199 927 1246 2.

96 1275 133 1352 &
150 1279 184 1348 6.
201 1275 391 1346 auctoritare
408 1272 678 1343 Doeiiffimorum
697 1278 842 1355 virorum
859 1297 928 1367 pro·

95 1380 211 1448 batum
236 1374 291 1455 srt,
318 1370 561 1442 consertionem
585 1370 719 1442 Chartae
741 1373 851 1446 linreae
870 1377 927 1442 iam

96 1474 211 1547 seculo
228 1472 299 1564 post
315 1467 358 1541 C.
379 1469 425 1540 N.
443 1493 500 1542 xn.
526 1491 591 1537 non
611 1490 737 1541 tantum
755 1496 823 1543 non
840 1476 926 1568 igno·

96 1572 185 1656 tam,
212 1567 267 1642 sed
290 1567 324 1642 δι
348 1569 492 1638 nfitatam
516 1566 628 1638 i'uiffe?
662 1570 731 1639 imo
752 1572 926 1642 admodum

94 1673 226 1742 videtur
266 1667 440 1758 probabile
488 1689 529 1737 ex
569 1665 699 1737 Graeeia
732 1672 766 1737 in
806 1669 925 1740 ltaliam

94 1767 188 1841 usum
213 1769 282 1835 eius
307 1765 490 1834 derivatum
517 1763 625 1848 fuine,
651 1787 751 1856 atque
775 1769 851 1840 inde
869 1771 926 1836 iam

92 1863 245 1937 amultis
269 1881 358 1930 retro
380 1860 497 1932 seculis
522 1865 554 1931 in
581 1861 817 1950 Germaniam,
851 1865 926 1936 Gal·

92 1965 197 2046 liam,
231 1956 443 2051 Hispaniam,
478 1957 691 2031 Hollandiam
715 1961 751 2034 &
775 1964 925 2061 Angliam

91 2061 260 2136 transferri
284 2055 444 2149 potuiffe3
470 2059 558 2128 unde
584 2055 618 2128 ὅ(
643 2063 762 2155 Anglis
790 2085 868 2134 nora
885 2061 926 2132 est

90 2165 223 2252 Magna
247 2156 387 2243 charra,
420 2156 544 2227 sacrum
563 2155 644 2229 illud
662 2157 827 2250 Diploma
841 2181 924 2231 anno

91 2283 138 2331 nr.
165 2258 303 2329 Henrici
327 2279 374 2325 111.
399 2277 467 2346 quo
483 2253 596 2351 Regni
613 2257 744 2351 Angliae
760 2257 924 2330 libertates

91 2355 222 2450 (multo
241 2355 395 2448 sanguine
413 2350 452 2424 tie
470 2353 561 2424 bello
577 2352 789 2426 funestissimo
807 2358 923 2449 partae)

89 2449 924 2541 confirmantur.Vid.Henric.Spelmann.inGlos·

91 2552 176 2621 sario
199 2551 412 2647 Archaeolog.
440 2570 479 2619 ex
502 2572 571 2641 qno
593 2551 815 2646 Autographo
833 2555 923 2623 dubi·

92 2650 226 2718 tandum
242 2672 310 2717 non
327 2650 392 2734 est,
414 2652 494 2738 quin
508 2647 611 2717 multa
625 2649 812 2744 Anglorum
827 2650 923 2720 millia

90 2744 261 2833 exemplar
280 2751 481 2836 acceperint.
714 2747 718 2750 ’

92 2839 102 2880 ·’
140 2842 172 2911 8.
207 2838 375 2934 Quoniam
417 2864 526 2914 autem
566 2843 803 2916 Pomeranietrs
844 2846 921 2917 Dux

88 2937 256 3047 pogissaus
277 2961 309 3008 x.
334 2961 421 3012 anno
441 2963 672 3016 cracccexcvr.
698 2962 741 3011 ex
759 2943 921 3017 Paiaestina

862 3063 920 3134 pet
