2018 3578
125 180 192 258 Da
217 180 346 258 orne.
371 180 533 260 entur.
559 179 723 257 urnae.
769 184 853 286 buy

58 385 136 437 tont-
151 357 450 461 compleilimut),
473 357 621 458 ¹primunr
655 358 747 437 fuisse
772 386 855 438 con·

58 468 154 561 iam,
179 487 383 556 mercatura,
410 467 578 536 civitatum
596 469 765 558 inprimis,
795 465 858 537 foe,

59 562 312 637 reHanseatieo
325 566 528 658 januarum,
554 564 704 646 ausibus,
731 569 766 636 in
779 586 860 655 pro·

58 667 155 751 nciis,
179 666 339 758 Aquiloni
355 661 620 754 subjacentibus,
652 666 685 733 in
702 663 774 732 dies
790 683 859 734 ma·

58 785 68 832 3
93 760 327 848 ellorescente,
351 784 391 833 ae
414 780 499 831 terra
518 763 665 852 marique
690 761 755 831 late
779 781 857 851 pro·

58 862 122 933 sla.
172 862 262 934 Curn
294 864 384 934 enirn
409 879 474 930 tarn
500 857 618 930 sedulis
642 860 859 955 negotiatori·

58 983 79 1032 rs
110 982 199 1031 curae
231 963 374 1031 maxime
399 957 527 1043 suerit,
561 980 690 1031 merces
717 961 858 1031 minimo

58 1060 127 1129 etio
167 1060 225 1130 srbi
255 1079 477 1152 comparare,
510 1079 631 1150 easque
664 1056 793 1151 semper
825 1060 859 1131 in

58 1178 155 1227 omtu
174 1159 325 1242 habere;
360 1156 499 1249 ipsisque
526 1177 683 1247 praeterea
708 1162 741 1231 in
765 1177 860 1230 com-

58 1258 150 1328 erciis
190 1257 393 1329 versantibus
430 1255 551 1325 chartae
587 1254 748 1346 plurimus
786 1254 860 1327 usus

61 1378 74 1440 3
100 1353 238 1449 gossypii
263 1379 375 1426 autem
400 1375 566 1446 proventu
588 1375 720 1424 careant
747 1359 857 1449 regio·
964 1372 967 1377 ·

60 1475 76 1524 s
112 1451 421 1545 septemtrionales:
457 1454 646 1542 proximum
671 1451 763 1539 suit,
799 1472 859 1522 ex·

58 1553 147 1636 riri,
192 1574 233 1624 an
267 1574 309 1622 ex
341 1552 475 1620 materia
499 1550 599 1619 lintea
628 1549 751 1621 chart'ae
775 1548 859 1620 effici

58 1650 155 1720 issent.
206 1650 365 1742 insuper,
400 1652 527 1718 ratione
547 1647 643 1717 valde
667 1648 854 1740 probabili,

58 1769 206 1830 eremur,
231 1771 309 1820 curn
325 1748 437 1830 bello,
463 1748 548 1816 inter
569 1745 723 1819 Venetos
738 1743 858 1820 acGe·

58 1848 181 1928 tenseS,
208 1849 325 1920 mediis
351 1845 457 1919 saeculi
473 1867 531 1917 xur
547 1848 664 1934 annis,
690 1846 855 1936 conflato,

58 1967 118 2038 pue
152 1947 234 2017 ultra
264 1967 398 2018 centurn
430 1945 469 2017 ot
503 1948 619 2040 viginti
650 1969 754 2018 annos
778 1969 859 2038 pro·

58 2048 144 2126 reio,
168 2066 238 2116 tum
265 2045 476 2117 Tartarorum
500 2041 760 2129 &Turcarum,
793 2045 860 2115 istis

58 2145 251 2235 mporibus,
276 2148 308 2215 in
340 2146 435 2214 terris
459 2142 629 2230 Afiaticis,
655 2139 690 2215 bt
714 2143 860 2213 finitimis
919 2231 923 2235 ι

58 2246 223 2335 europeia,
271 2244 374 2313 turbis
423 2243 616 2328 continuis,
657 2244 862 2312 commercia

58 2341 182 2412 alorum
213 2363 289 2413 curn
315 2340 463 2412 Orientis
487 2339 623 2430 populis
648 2339 861 2431 summopere

58 2439 112 2511 ille
138 2441 318 2533 impedita3
344 2436 400 2526 bt,
433 2460 472 2507 ea
497 2439 538 2508 de
564 2438 667 2510 caulla
682 2491 694 2527 ‚
735 2440 778 2509 ab
800 2439 862 2509 ho·

58 2539 165 2610 inibus
196 2540 371 2633 ingeniosrs
394 2540 497 2608 varias
524 2557 637 2625 artes,
675 2558 756 2628 quas
780 2535 862 2608 olim

58 2641 195 2708 norabat
227 2639 432 2719 Germania,
466 2636 623 2725 excultas.
674 2632 758 2705 Haec
784 2657 861 2707 curn

58 2734 168 2807 nilirer
190 2741 223 2808 in
248 2739 381 2822 charta,
407 2756 450 2806 ex
477 2734 547 2804 lino
567 2735 729 2826 paranda,
757 2732 863 2807 felici-

58 2857 70 2904 r
102 2835 288 2920 cederent,
318 2835 501 2926 eademque
533 2831 580 2903 ab*
607 2832 790 2918 albedine,
827 2832 864 2909 &

58 2935 208 3018 nuitate,
247 2931 285 3007 &
316 2933 425 3026 quod,
442 2930 522 3003 tersa
556 2934 660 3028 magis
684 2931 864 3024 reprehen-

58 3053 125 3117 tur,
153 3033 290 3119 habeat,
313 3054 388 3126 que
399 3028 488 3102 illam
498 3033 755 3105 commendent:
774 3031 864 3102 idem
945 3078 949 3084 ·

790 3153 865 3202 mos
