2018 3578
107 141 177 214 Da
202 144 330 216 ome.
356 142 526 217 Cnnns.
549 139 715 232 Lrnem.
789 149 859 243 ¹⁶9.

76 323 178 420 .'(g)
236 322 501 417 Clariffimusque
539 323 724 415 Bullertrrs,
763 329 860 417 quod

70 447 119 512 ro,
145 422 384 513 Meermanne,
409 424 534 495 indicio
550 426 730 511 debemus,
755 425 860 512 (Obs.

84 527 187 618 14),
219 547 325 615 nuper
350 525 616 608 documentum,
649 546 737 594 anno
767 541 860 618 1302

70 645 162 708 :um,
201 623 349 694 Vesontii
385 623 518 713 reperit.
568 620 657 690 Hinc
694 624 862 713 probabili

70 724 165 792 rxime
202 726 328 793 ratione
359 722 600 805 statueremus,
634 719 701 811 jam
732 721 860 811 aliquot

69 825 116 890 nis
134 841 228 908 ante,
254 823 321 890 boc
340 822 455 911 papyri
472 839 576 913 genus
592 822 625 886 in
644 817 753 888 Gallia
770 818 861 892 soille

69 921 221 991 bibitum.
286 917 352 987 Sed
393 939 526 1009 quantae
567 919 704 987 raritatis
746 916 862 1004 fuerit,
939 993 944 1003 ,

69 1018 143 1088 inde
159 1021 286 1107 optime
301 1015 490 1112 colligitur,
514 1016 606 1108 quod
621 1017 862 1089 celebratillimi

74 1117 141 1187 boc
157 1118 262 1186 studio
275 1116 353 1196 viri,
368 1119 399 1185 in
417 1116 649 1208 speciminibus
667 1118 859 1208 antiquiori·

70 1237 86 1284 s
108 1217 359 1306 conquirendis,
386 1235 520 1306 operam
540 1215 625 1285 suam
644 1215 860 1304 perdiderint.

69 1317 198 1384 uocirca
223 1334 313 1383 tanto
335 1316 443 1384 minus
459 1316 570 1403 inique
587 1317 714 1406 integer
731 1314 860 1403 codex,

72 1417 82 1482 i
110 1413 221 1481 charta
245 1412 350 1495 linea,
385 1430 427 1481 eo
454 1430 625 1500 tempore,
655 1409 862 1500 conscriptus

68 1512 247 1594 edicatur,
280 1511 388 1578 dubiae
419 1509 594 1579 habebitur
621 1506 727 1594 fidei,
762 1507 864 1600 usque

68 1631 107 1679 nn
128 1609 168 1678 de
188 1609 248 1678 bac
264 1607 395 1678 aliunde
413 1606 470 1697 ipsi
487 1607 624 1677 constet.

74 1707 114 1778 ln
152 1705 308 1798 Hispania
346 1726 450 1788 vero,
484 1704 537 1774 vel
568 1705 642 1798 ipsrs
670 1703 734 1776 illis
761 1707 865 1779 tribus

68 1804 190 1877 sedulis
218 1802 541 1895 comprobantibus,
574 1803 759 1875 abeodem
786 1803 863 1877 Ma·

68 1906 115 1976 riri
157 1906 292 1987 amic0,
330 1923 446 1992 praeter
481 1906 695 1974 memoratam
743 1903 865 1976 lineam

67 2004 213 2089 bibitis,
245 2001 433 2091 eodemque
473 1999 635 2073 scitiffimo
666 2004 865 2092 interprete,

67 2105 103 2173 bs
144 2104 263 2170 chartae
303 2101 514 2187 bombycinae
552 2120 651 2192 atque
691 2100 867 2195 gollypinae

70 2222 119 2271 rte
138 2201 238 2292 usque
254 2198 296 2268 ad
311 2218 454 2284 annum,
479 2218 578 2286 quem
597 2218 639 2266 ex
655 2196 782 2267 illarum
800 2221 866 2270 una

67 2302 136 2382 uit,
162 2319 233 2369 aerae
250 2294 436 2386 Hispanicae
459 2313 572 2389 1397,
597 2295 660 2366 sive
675 2292 869 2368 Christianae

67 2418 156 2490 359,
193 2398 308 2491 viguit.
371 2390 563 2484 (Etenim,
600 2396 658 2485 qui
690 2395 723 2462 in
754 2393 871 2466 litteris

67 2496 200 2590 jajansri,
232 2496 319 2584 typis
343 2492 522 2579 mandatis,
557 2490 719 2582 expreilus
742 2493 788 2563 est
812 2515 870 2563 an·

66 2619 92 2666 ts
115 2614 186 2665 aerae
209 2592 401 2664 Christianae
431 2609 545 2683 1339,
577 2589 687 2681 (Obs.
713 2611 748 2680 p.
777 2591 870 2688 80),

66 2696 195 2765 munius
224 2693 290 2763 levi
323 2691 455 2775 errori,
490 2686 582 2781 quod
609 2690 650 2758 ab
680 2709 768 2762 anno
797 2714 870 2762 aerre

738 2786 949 2861 ,Hp'

69 2988 126 3072 (g)
148 2985 268 3057 Mulill.
289 2924 322 3052 de
342 3005 373 3054 re
394 2981 464 3066 dipl.
488 2981 557 3055 Lr'b
577 2978 603 3050 1.
618 2993 672 3067 cap
686 2987 799 3068 8,pug.
815 3003 866 3070 39.
