2018 3578
92 161 162 248 168
243 151 810 228 ouszuvmou'us

87 337 292 411 documento
332 333 614 420 membranam,
648 358 669 406 a
712 328 911 405 Decano&

87 456 254 508 conventu
282 433 417 504 fratrum
443 439 606 507 minorum
629 434 753 505 domus
778 431 912 504 Northu·

87 534 211 619 ἰωῆς,
244 533 447 605 Consulibus
487 531 525 606 dc
563 535 796 604 communitati
833 531 913 623 hujus

87 637 256 719 civitatis,
294 635 339 704 ob
384 637 570 725 pomarium
615 632 675 702 fibi
721 631 913 711 concesium,

87 733 290 819 Suendaliae‚
332 755 419 802 armo
456 754 577 823 1312,
612 730 721 816 datu,
754 730 914 800 observate

87 832 171 902 mihi
188 835 313 903 videor.
361 829 490 926 Quidni
507 835 607 927 igitur
620 831 687 922 jum
702 850 793 899 anno
816 848 914 919 1294,

87 950 188 1021 quem
210 932 316 1000 innuit
339 929 512 1017 schedula,
538 932 711 1018 eamdem,
737 930 770 998 in
789 926 914 1004 Galliis,

88 1028 251 1098 scribendi
297 1031 458 1098 rationem
506 1029 686 1100 adhibitam
736 1023 914 1098 tueremur?

86 1122 258 1212 Accedit,
292 1128 384 1216 quod
406 1128 518 1199 charta
540 1132 610 1200 haec
634 1148 712 1196 cum
739 1125 914 1222 goiiypim,

87 1246 127 1293 eu
152 1243 247 1295 aetate
270 1225 378 1295 adhuc
403 1225 534 1312 usuam,
560 1229 685 1297 ratione
711 1225 912 1316 compoiitio·

87 1326 162 1408 nis,
195 1343 374 1395 commuue
399 1326 480 1414 quid
505 1326 627 1396 habere
652 1322 823 1408 videatur,
848 1323 913 1393 dum

89 1421 220 1494 craffior
244 1421 467 1513 aliquantum,
501 1423 535 1496 &
557 1425 655 1506 striis,
690 1425 724 1492 in
748 1422 837 1492 linea
855 1419 913 1510 ple-

88 1542 228 1614 rumque
258 1523 394 1606 obviis,
431 1521 593 1593 destituta.
642 1519 803 1612 Denique
827 1523 911 1590 etiam

89 1625 198 1691 verbis
221 1625 317 1691 amici
342 1619 492 1712 Mujaufii
515 1640 752 1705 commoveor,
777 1624 837 1711 qui
853 1635 913 1687 eam

88 1723 186 1788 nubis
210 1721 380 1803 contulit,
415 1722 475 1789 viri
500 1720 611 1804 domi,
645 1717 735 1791 &in
761 1716 913 1790 tabulariis

88 1815 311 1900 uersutissimi3
342 1822 486 1912 graviter
518 1819 776 1903 contendentis,
814 1810 912 1909 (Obs.

28 1910 31 1915 ’
87 1936 122 2004 p.
155 1917 263 2007 93),
300 1918 451 2003 eudem,
488 1939 588 2008 quem
621 1915 776 1988 schedula
803 1911 913 2007 praese

87 2007 172 2101 sert,
200 2031 306 2098 annu,
332 2015 483 2085 codicem
502 2037 667 2088 exaratum
685 2014 796 2101 fuisse,
823 2015 914 2085 idem·

88 2130 154 2203 que
170 2112 201 2184 se
216 2115 323 2204 probe
341 2112 464 2187 habuc
481 2136 699 2207 compertum.

89 2230 92 2237 ’
135 2213 182 2282 At
208 2232 307 2297 vero,
333 2211 355 2280 fi
380 2211 446 2282 hoc
463 2235 597 2305 quoque
608 2213 668 2283 'vel
686 2214 830 2283 maxime
846 2230 915 2281 cou-

88 2310 264 2392 cedamus,
289 2311 371 2381 nihil
398 2333 505 2382 tamen
530 2333 592 2403 pro
619 2313 730 2382 charta
755 2315 843 2382 linea
864 2307 915 2379 Hi·

88 2408 217 2500 spanicu
248 2409 388 2479 evidium
415 2412 487 2479 erit.
536 2408 621 2482 Haec
645 2413 760 2496 enim,
794 2411 837 2480 de
860 2427 915 2499 qua

89 2507 292 2590 differimus3
324 2503 462 2578 Gallicae
487 2511 623 2603 originis
651 2510 707 2580 est.
758 2508 915 2580 Novimus

88 2627 222 2691 autem,
245 2605 481 2677 *mabillonium
500 2606 761 2699 jamsepistolum
786 2603 915 2699 Joinvil·

87 2701 132 2771 lei
166 2707 207 2772 ud
244 2705 452 2775 Ludovicum
485 2704 675 2791 Humum,
711 2710 796 2798 qui,
834 2708 917 2775 armis

89 2803 131 2869 ab
160 2823 251 2892 1314
269 2805 371 2886 binis,
399 2806 432 2874 in
449 2803 730 2877 Franco-Gallos
747 2807 916 2896 imperium

91 2902 220 2984 tenuit',
262 2900 425 2991 ejusmodi
464 2902 575 2974 charta
616 2904 768 2998 seriptum
812 2905 917 2975 detex-

882 3023 917 3074 is·
