2018 3578
140 169 205 243 De
232 169 358 244 Onto.
383 172 550 247 catat
576 171 741 250 Ltnnat
802 184 872 277 165

27 352 122 426 lenta
153 352 228 439 est,
260 350 502 436 &flexibilis,
534 346 568 424 &
601 353 740 428 dillendi
764 359 798 429 se
821 374 880 450 pa·-

29 456 141 537 tiens3
164 449 322 522 densitate
351 457 468 539 etiam,
494 457 526 522 in
552 455 668 544 aquali
694 461 879 544 tenuitate,

30 548 180 642 majori,
213 549 337 621 firmior
368 573 550 642 praterea,
584 555 676 640 quod
708 558 881 644 particulii

32 650 155 721 arelius
206 651 448 722 colraerentibus
492 649 628 719 constat.
698 654 881 746 Gollypina

33 747 235 847 plerumque
260 749 390 819 crasslor
417 745 618 818 obstruatur.
668 747 795 820 Tamen
820 768 883 824 no-

34 850 173 933 vimus,
215 849 399 916 tenuiorem
436 865 570 936 quoque
609 846 704 915 dari·
748 849 881 941 qualern

33 966 112 1021 eam
143 947 175 1013 in
207 942 329 1014 foliola
362 946 553 1025 cernimus,
595 948 687 1036 quod
722 969 763 1018 ex
794 949 880 1020 libro

33 1043 330 1130 astronomica,
320 1064 353 1112 m
387 1040 492 1112 Perfia
524 1041 672 1135 scripto,
707 1047 878 1120 exsaillum

32 1144 135 1212 nobis
160 1139 277 1211 mifilii.
327 1140 466 1211 Lineam
485 1162 565 1212 vero
583 1164 621 1211 ea
638 1145 796 1232 crallttie,
821 1169 878 1218 an-

31 1243 173 1330 tiquitus
207 1239 411 1331 praesertim
444 1237 629 1310 confestam
660 1199 877 1331 offendrlnue,

31 1336 74 1411 ἃ
108 1340 209 1410 hodie
236 1339 358 1410 confici
389 1338 537 1427 scimus,
569 1360 604 1407 ut
633 1363 675 1410 ne
699 1342 877 1441 gallypinae

31 1438 172 1531 quidem
189 1436 329 1508 crallrori
347 1437 456 1507 cedat.
865 1482 868 1487 -

83 1535 229 1630 Magis
220 1537 318 1629 igitur
344 1536 420 1606 huic
444 1537 580 1624 propria
604 1534 773 1621 videntur,
803 1561 877 1630 quae

28 1635 211 1727 aliquoties
228 1637 337 1726 probe
354 1632 472 1705 ursrsti
497 1633 589 1722 quod
606 1631 713 1702 fluvidi
729 1636 876 1726 aliquan·-

30 1756 104 1806 tum
122 1734 244 1803 coloris
258 1731 318 1818 stt,
344 1731 437 1825 quod
454 1731 601 1846 laevigata
619 1735 731 1802 niteat.
780 1736 875 1806 Con

28 1855 80 1904 tra
105 1831 223 1903 charta
243 1824 330 1902 linea
354 1831 480 1921 potiori
502 1830 656 1903 albedine
683 1833 813 1922 piacet
836 1832 873 1909 aa

27 1929 117 2002 tersa
146 1932 282 2021 quidem
306 1930 387 2012 qest
421 1927 443 1998 sr
476 1928 705 2021 praestantioris
730 1933 869 2018 nadalia,

25 2052 100 2101 non
133 2029 248 2120 polita.
299 1981 495 2112 naa'erem,
530 2049 638 2120 neque
670 2028 757 2100 litias
790 2032 876 2122 eluse

27 2128 146 2213 modi,
177 2129 291 2217 quales
316 2130 359 2196 in'
374 2126 460 2197 linea
483 2130 666 2211 cernimus,
700 2128 808 2197 cidem
831 2133 874 2200 ab

27 2227 96 2298 salis
120 2229 212 2297 ateis
233 2225 381 2305 moduli,¹
406 2245 475 2313 qao
493 2223 639 2293 hauritur
656 2223 787 2310 charta,
813 2229 875 2296 im·

27 2324 162 2417 prelln,
188 2329 220 2394 in
244 2325 411 2418 gollypina
429 2322 550 2415 detegi.
603 2320 730 2391 Saltem
748 2325 781 2392 in
800 2325 874 2415 plu·

26 2426 123 2494 rimis
153 2421 310 2508 foliolis,
342 2422 439 2491 nobie
465 2419 677 2506 mammilla,
713 2421 828 2493 lumini
854 2424 876 2493 ii

25 2521 297 2609 admoveantur,
330 2517 456 2590 eaedem
489 2539 556 2588 non
587 2540 807 2607 comparent:
840 2543 877 2592 ut

26 2619 207 2711 suspicioni
226 2621 321 2692 locus
338 2619 444 2702 foret,
469 2618 590 2686 chartae
607 2616 781 2707 goffypinae
797 2641 877 2691 con·

25 2718 182 2791 ficiendae
219 2719 315 2790 aliam
354 2719 513 2786 rationem
555 2715 645 2784 suilla
685 2716 876 2790 adhibitam.

25 2820 188 2887 Attamen
219 2818 364 2888 taliuml
355 2815 522 2898 liniarum,
547 2813 628 2883 licet
643 2813 785 2902 politura
800 2817 871 2886 fere

27 2916 237 3002 deletarum,
272 2915 425 3007 vestigia,
457 2915 489 2981 in
514 2912 627 2983 charta
650 2911 722 2983 Tua
751 2912 875 2986 Persica

26 3012 234 3104 tenuillima,
260 3016 340 3118 quin
363 3016 466 3082 immo
484 3013 516 3080 in
534 3007 710 3104 Hispaniae
729 3013 875 3096 Velasci,

793 3110 875 3181 mul
