2018 3578
194 187 265 269 De
289 191 414 285 Otto.
439 192 612 271 Cnnnr.
636 193 805 277 Lttrttz.
874 209 931 311 u

83 379 156 472 pia.
206 373 309 467 Apud
323 373 529 447 celebriores
544 397 626 446 vero
644 377 732 450 istius
755 381 851 475 regni
865 382 931 454 cti·

84 482 200 558 ticos,
223 495 369 566 quorun
389 472 508 564 scripta
527 472 666 547 adsetvo
693 479 782 550 haud
804 499 932 570 pauca,

90 575 199 648 altum
222 572 285 644 ha'c
301 572 343 644 de
359 594 395 643 re
410 571 573 646 filentiunr
589 573 646 646 est.
696 575 795 648 Unus
810 575 932 651 Patrius

91 666 210 744 Yafies
234 671 276 744 de
298 669 416 743 Abiles
439 676 473 745 in
498 672 631 745 erudito
647 695 751 766 opere
770 673 807 748 dr
824 679 859 748 sa
874 698 932 750 ero

90 764 240 868 yftcbot
254 768 291 843 dr
307 763 453 863 dispuit,
477 770 827 866 edit.Madrit.1732.
845 769 933 851 Yon.

89 867 145 944 ΙΙ.
163 887 195 961 p.
213 870 303 962 638.
319 867 485 943 invaluisse
503 872 592 953 illic,
609 871 731 945 saeculo
747 871 843 944 xllt.
861 894 935 945 ver·

92 988 221 1067 gente,
245 969 392 1041 chartam
410 967 531 1041 lineam
556 970 681 1055 statuit,
708 992 851 1062 eantque
865 972 935 1061 pri·

94 1069 199 1143 mitus
213 1067 260 1139 ob
282 1069 422 1137 rariores
445 1069 555 1139 mallei
572 1069 683 1158 puisus
702 1070 789 1164 justo
806 1069 936 1143 craffto·

90 1189 170 1241 rem
184 1164 277 1240 fuisse
293 1165 465 1250 observata
485 1167 579 1259 quod
592 1189 701 1239 temen
718 1170 797 1241 dum
806 1191 937 1241 memo·

94 1288 166 1341 tata
201 1265 278 1362 lege
310 1265 473 1357 Alphonfi
508 1267 741 1339 demonstrare.
760 1268 937 1357 adnititur,

94 1387 235 1459 unoque
250 1363 331 1437 saltu
348 1365 391 1435 ab
408 1363 615 1458 AEgyptiaca
630 1368 744 1439 charta
759 1368 802 1438 ad
812 1367 939 1441 nostra·

96 1486 166 1539 tern
185 1463 314 1549 transit,
339 1463 424 1533 hanc
444 1463 510 1533 sese
534 1485 611 1535 curn
637 1467 840 1553 bombycina
856 1487 941 1537 con·

97 1562 215 1639 fudisse
240 1562 308 1655 ipse
329 1563 540 1652 comprobat.
591 1561 690 1657 Ego,
716 1562 782 1659 nisi
797 1563 939 1638 meliora

97 1663 264 1748 edoctus,
289 1661 375 1734 hanc
399 1660 565 1752 epocham
591 1659 693 1750 paulo
717 1665 940 1735 recentiorem

99 1763 314 1847 existimabo,
340 1760 479 1848 eadem,
504 1781 603 1850 quarn
616 1760 658 1831 de
672 1759 762 1834 ltalia
777 1760 937 1855 adposui,

101 1861 257 1939 induitur
272 1862 412 1931 ratione.

147 1960 354 2033 Cotroniana
369 1955 459 2049 apud
469 1957 601 2053 Angios
615 1959 843 2045 bibliotheca,
858 1959 941 2033 Mu·

102 2061 149 2133 sei
173 2059 352 2131 britannici
373 2076 500 2149 partem
524 2078 613 2129 nunc
630 2060 851 2141 constituens,
872 2062 942 2150 pri·

102 2162 180 2235 dem
197 2157 298 2227 docio
306 2156 375 2227 illie
384 2158 456 2226 viro
465 2155 735 2246 conspiciendam
744 2156 836 2227 dedit
846 2157 940 2230 sche-

103 2260 203 2341 dam,
227 2257 261 2327 in
276 2255 389 2326 charte
404 2254 546 2325 nostrate
561 2254 714 2344 scriptam
730 2277 818 2327 anno
831 2255 940 2354 Regis

102 2354 255 2431 Eduordi
271 2353 330 2427 111.
348 2351 445 2425 idest
464 2376 494 2422 n.
516 2373 621 2443 1342.
637 2374 711 2425 eam
727 2376 808 2425 vero
826 2356 939 2446 piures

103 2458 212 2541 aliae,
245 2452 332 2524 forte
355 2447 391 2524 ἃ
414 2453 641 2540 antiquioreS,
673 2457 846 2525 continere
871 2453 940 2546 ipse

104 2555 237 2628 testatus
253 2552 309 2623 est.
327 2551 383 2622 vid
398 2553 452 2621 cit.
467 2545 634 2642 Obsrtoot.
645 2554 677 2623 in
690 2547 851 2645 iiansoti.
863 2551 938 2629 Phi·

103 2648 157 2748 ios.
185 2690 188 2695 ·
209 2650 268 2723 De
290 2649 392 2721 scotia
414 2651 517 2720 miror
537 2650 618 2719 nihil
635 2650 799 2723 adnotasse
815 2650 941 2736 Titum.

103 2750 407 2834 Rutenorum,
439 2750 472 2819 in
492 2745 683 2841 prefatione
707 2747 943 2842 Diplontatarii

103 2849 357 2937 Andersoniani.
409 2844 517 2919 Eitea
531 2847 693 2939 proinde,
719 2868 757 2919 ut
772 2845 806 2937 bt
821 2847 944 2922 Hiber·

94 2952 180 3035 nia,
205 2948 288 3039 quid
302 2946 555 3039 exspestandutn
572 2945 627 3031 stt,
654 2946 725 3020 dies
743 2947 893 3021 docebit.

96 3093 99 3103 ·
153 3046 414 3147 AdGettnanos
427 3044 521 3152 quod
537 3047 682 3138 attinet,
697 3045 945 3217 scripserathiiola

97 3190 104 3201 -
883 3167 944 3227 us,
