2018 3578
88 180 138 277 5⁶
227 180 797 255 Orsen-vettones

140 359 210 431 Sed
246 359 288 429 ab
320 355 479 450 Hispania
510 359 542 428 ei
573 357 663 431 1111111
693 374 771 431 noo
799 360 903 433 fuissent

91 457 246 542 sudaria,
276 455 335 526 nist
367 476 457 552 gruta
481 454 544 529 eise
568 456 746 530 deberent.
785 458 907 532 'Eorum

89 576 172 626 vero
191 555 408 648 frequentiam
427 554 509 628 nibil
526 557 629 652 magis
645 559 796 648 probat,
826 560 908 651 quim

89 651 234 725 Plinium
267 655 301 724 in
334 653 557 724 Dedicatione
587 657 702 745 operis
732 656 914 728 immortalis

90 750 219 825 Saetuba
240 755 430 839 nominare,
454 773 515 844 per
531 751 659 846 ellipsm
679 759 911 827 ommittentcn

90 851 239 923 sudaria:
270 870 344 943 quae
368 848 469 946 figura
492 871 561 921 non
584 854 834 940 committitur,
863 853 911 925 nis

88 971 167 1021 cum
190 949 368 1020 verborum
390 947 464 1019 usus
488 951 532 1019 ita
547 948 704 1040 frequens
716 951 792 1037 est,
825 972 860 1025 ut
874 952 911 1022 st·

89 1047 156 1119 cile
171 1047 306 1130 sciatur,
322 1046 414 1140 quod
430 1068 552 1118 nomen
561 1046 783 1140 supplendum
792 1051 838 1123 iit.
862 1049 912 1121 1111

89 1167 171 1215 veto
193 1146 318 1216 sudaria
341 1144 431 1216 suisse
453 1144 560 1224 linea,
586 1145 686 1216 facile
705 1150 840 1235 credet,
864 1148 912 1240 qui

89 1245 277 1314 meminerit
288 1243 479 1326 Vatinium,
494 1265 571 1314 cum
588 1244 798 1318 accusaretur
812 1270 831 1318 1
845 1245 912 1319 cau

89 1364 160 1428 uo,
201 1342 344 1412 candido
376 1341 519 1411 frontem
547 1340 676 1416 tudano
703 1344 854 1434 tetsrsse,
882 1363 912 1414 ut

88 1461 251 1515 memorat
272 1436 498 1537 Quintilianus
522 1438 596 1512 Lib.
613 1439 676 1512 VI.
703 1459 775 1535 cap.
794 1466 826 1533 3.
852 1464 911 1514 non

90 1541 192 1635 igitur
215 1561 305 1609 erant
322 1560 341 1608 e
357 1561 469 1631 panno
484 1536 608 1622 laneo,
642 1541 701 1631 qui
715 1562 826 1632 neque
842 1539 912 1612 solet

89 1637 151 1707 esse
168 1635 281 1718 albus,
307 1659 415 1728 neque
431 1636 539 1713 sudori
555 1633 750 1711 exsricaudo
764 1662 861 1731 aprus
873 1640 910 1709 ob

87 1734 283 1806 scabritiem.
332 1734 491 1826 Idemque
513 1734 689 1809 dicendum
706 1736 754 1808 est
771 1739 813 1807 de
831 1736 912 1809 sudu·

87 1835 139 1902 rio
163 1832 359 1902 cannabino.
409 1833 476 1902 Sed
501 1832 581 1922 quid
607 1833 716 1904 verbis
741 1854 828 1927 opus
852 1833 912 1906 esti

88 1927 251 2000 Strabone
278 1929 379 2012 teste,
405 1929 478 2000 Lib.
502 1930 570 2000 m.
595 1949 670 2024 pag.
693 1953 752 2018 99.
779 1954 822 2002 ex
845 1930 912 2002 His·

87 2030 185 2123 pania
208 2023 829 2121 1111111111111111111111111111111,
855 2051 912 2123 que

87 2127 247 2200 Sarabitae
265 2121 445 2218 faciebant.
493 2126 563 2196 Ubi
580 2117 680 2197 ’reue
703 2127 912 2200 Casaubonus

87 2229 121 2295 in
146 2228 252 2309 nutis,
281 2244 355 2317 pag.
380 2230 437 2311 5⁶·
463 2248 526 2317 pro
547 2224 712 2311 Sole-iate,
735 2249 822 2296 voee
847 2226 911 2296 nul·

86 2324 150 2396 lius
173 2323 434 2419 significationis,
466 2323 625 2394 Sorabitae
643 2323 809 2416 reposuit,
834 2325 912 2395 huuc

87 2423 352 2494 emendationem
383 2423 546 2511 probante
577 2420 757 2494 Ludovico
779 2419 914 2508 Nonio,

87 2526 121 2591 in
142 2520 294 2615 Hispania
304 2569 316 2606 ,
343 2537 411 2612 cust.
431 2527 490 2595 68.
582 2609 585 2616 Δ

134 2617 228 2715 Ergo
257 2619 362 2697 linum
389 2617 473 2690 illud
503 2618 791 2710 prestantissimum
822 2623 912 2692 variis

86 2714 195 2787 nsrbus
226 2720 358 2815 egregie
388 2717 557 2801 seruiebat.
607 2715 690 2792 Ideo
720 2717 856 2790 Gratius
881 2721 912 2789 in

90 2808 295 2902 cynegium,
323 2834 357 2909 p.
376 2837 441 2911 ¹41.
473 2836 575 2913 agens
598 2814 640 2891 de
663 2818 789 2893 retibus
812 2816 910 2892 confi·

87 2910 230 2992 ciendis,
257 2911 348 2991 dixit,

137 3001 326 3106 Hispanique
369 3008 431 3082 ulio
460 3005 641 3115 speriautur
676 3009 818 3086 Saerabes
848 2998 909 3186 nsfit
