2018 3578
83 217 140 289 ,9²
208 168 807 270 .·onr'an·v=·x''-'ri·0xre

85 370 256 445 amando
287 368 424 448 condito
453 368 627 468 quinquies
656 372 844 445 'rnillefimus
861 365 908 437 de*

88 476 206 542 cimus.
258 472 398 544 Videtur
421 497 532 549 autern
558 475 680 546 Codex
705 475 739 543 in
763 488 832 564 quo
851 466 909 537 hac

92 571 254 640 habentur
278 573 312 641 in
335 571 465 659 Patria,
487 574 586 646 eertd
609 576 642 643 in
666 569 828 664 Hispania
842 563 908 638 'aRs

88 666 192 739 Mose
216 668 287 740 Ben
307 670 441 743 Thibitn
460 673 615 764 scriptus,
641 665 909 761 quemadmodum

92 762 128 836 ἃ
143 765 290 838 Codices
307 770 367 840 alii·
378 773 410 839 in
428 773 544 841 eadem
562 767 782 841 Escurialensr
800 763 909 835 Biblio

93 866 191 935 theti
229 865 437 959 superstites,
476 874 533 962 qui
572 870 724 938 locorum
756 860 908 954 Hispania

90 965 229 1032 nomina
259 969 292 1033 in
321 970 441 1055 quibus
464 973 505 1039 ab
530 967 601 1059 ipso
625 965 748 1036 exarati
773 962 910 1036 fuerunt,

91 1083 162 1150 prae
179 1059 210 1130 se
227 1060 348 1134 ferunt.¹
397 1064 479 1135 Haec
492 1084 603 1136 autern
620 1065 752 1141 charta,
777 1056 909 1150 quamvis

94 1156 290 1249 Hispanicas
317 1168 464 1234 omniurn
489 1161 720 1254 antiquiffimas
744 1159 802 1229 sub
826 1158 910 1227 finem
953 1198 955 1211 ·

95 1258 226 1346 imperii
249 1259 378 1335 Alfonfi
401 1285 433 1332 x.
468 1262 642 1356 Sapientis,
669 1256 843 1331 &Sanffii
857 1255 911 1324 eius

96 1355 157 1426 filii
181 1360 295 1445 initia,
327 1361 361 1429 id
387 1362 432 1430 est
456 1362 497 1430 ab
519 1382 606 1432 anno
628 1380 667 1429 na.
687 1379 743 1428 cc.
763 1376 861 1426 xxxx.
882 1347 913 1418 ad

97 1477 139 1526 nt.
158 1476 212 1526 cc.
230 1481 262 1527 x.
295 1481 325 1529 c.
359 1481 528 1542 exaratas,
563 1460 640 1528 totis
661 1454 838 1525 minimum
850 1467 913 1522 xxx·

97 1556 191 1625 annis
216 1561 408 1649 antiquitate
434 1557 590 1652 superet,
624 1554 738 1625 tersror
761 1547 914 1623 nihiloni-

96 1675 185 1739 nus,
217 1652 499 1748 subauiorque&
522 1656 623 1750 longe
648 1674 714 1745 prae
740 1646 914 1741 Hispanico

98 1754 272 1822 candidior
286 1758 343 1825 est.
377 1755 464 1825 Hinc
480 1773 590 1825 autern
606 1771 750 1843 pronum
767 1750 815 1819 est
829 1744 916 1818 conii·

100 1870 178 1918 cere
203 1852 322 1922 chartae
344 1873 387 1925 ex
410 1854 499 1945 pistis
523 1844 618 1922 lineis
637 1850 756 1942 pannis
773 1844 918 1917 conferta

103 1945 193 2016 usum
222 1947 279 2018 sub
308 1949 414 2020 saeculi
443 1975 525 2039 xrn.¹
545 1952 635 2034 initia
659 1970 701 2017 ex
725 1945 866 2031 Africa,
893 1943 919 2008 in

100 2064 166 2134 qua
188 2046 208 2116 ὲ
230 2047 369 2143 goffipio
385 2050 502 2133 fiebat,
528 2052 561 2118 in
579 2046 773 2138 Hispaniam
789 2043 920 2114 nostran

101 2147 286 2235 mestum,
311 2152 344 2219 in
360 2147 576 2220 Meridionali
592 2145 738 2218 eiusdem
757 2145 862 2214 traeiu
875 2139 922 2230 qui

102 2243 225 2317 Africae
258 2249 413 2320 obversus
444 2248 619 2339 eidemque
653 2243 839 2335 proximior
868 2237 923 2321 est,

101 2346 268 2435 praecipue
295 2351 374 2418 veri>
398 2347 567 2427 Granaue,
593 2364 666 2435 quae
681 2343 700 2410 i
716 2339 848 2411 Mauris
863 2335 922 2408 Re-

103 2444 423 2535 murmurabatur,
463 2449 605 2536 primurn
629 2438 832 2524 constitiffe,
862 2434 923 2505 lino

103 2543 258 2631 videlicet
299 2543 451 2638 polimii,
489 2564 559 2637 quo
593 2538 734 2629 Hispani
765 2553 923 2615 caremus,

104 2640 212 2710 vicem
228 2642 418 2735 supplente:
436 2643 579 2732 indeque
592 2637 749 2731 paulatim
762 2637 805 2706 ad
818 2633 922 2707 Chris*

105 2739 210 2805 tianos
233 2742 412 2813 derivatum
431 2741 513 2826 elie,
536 2742 593 2831 qui
618 2736 759 2829 proinde
784 2733 842 2803 sub
857 2729 924 2800 artis

104 2831 193 2903 iniria
209 2838 358 2908 rudiores
372 2844 500 2910 chartas
510 2836 752 2922 crassioresque
767 2829 807 2905 dr
818 2829 923 2903 subni-

104 2952 195 3025 gras,
221 2954 283 3002 nec
301 2956 376 3004 cunr
389 2939 556 3007 'Africanis
571 2955 627 3003 ant
639 2929 925 3021 Hispano'Grana·

103 3029 244 3101 tentibus
258 3028 605 3125 conparandasinob'n
619 3033 865 3196 exhibueruntA'
873 3115 910 3192 M
