2018 3578
197 111 264 184 Da
288 112 415 186 Orre.
440 109 603 183 Crrartr.
629 107 797 188 Lanam.
870 137 920 210 99

96 293 307 387 probandum
324 293 547 385 susceperam,
565 292 673 362 inhoc
684 291 929 393 Angiiaeregno

95 393 193 483 plura
211 395 288 461 varii
303 397 432 488 generis
449 394 587 461 inveniri
604 413 817 462 monumenta
835 416 930 465 vetu-

94 493 163 573 sia,
190 493 270 561 intra
294 513 397 563 annos
413 512 635 562 croccaxxxrr.
654 491 688 563 bt
705 511 929 565 crocccxtuu.

94 591 217 658 cbartae
250 590 344 661 lineae
375 591 538 679 inscripta.
589 589 655 658 Sed
684 601 765 658 'ecce
790 590 929 662 caussam

89 689 334 779 impedimenti.
387 690 524 779 Septem
541 689 658 756 octove
677 687 797 757 abhinc
813 689 930 763 mensi·

95 788 161 855 bus
187 807 320 857 omnem
347 788 490 878 lapidem
517 788 633 867 movi,
667 807 702 855 ut
726 787 929 876 invenirem,
987 847 989 850 ,

93 889 154 974 qui
176 906 288 955 notam
313 889 393 955 mibi
418 884 725 968 characteristicum,
751 906 834 974 qua,
863 909 934 958 tan·

93 1005 194 1072 quarn
221 984 396 1053 certissrnro
420 1006 634 1081 argumente,
663 983 773 1052 charra
792 983 934 1056 Lineaa

94 1081 283 1152 Cottonica
301 1085 451 1178 distingui
467 1083 589 1175 posset,
614 1083 826 1166 monstrarem
852 1107 933 1180 qua-

94 1201 238 1271 propter
263 1185 422 1271 quosdam
439 1184 578 1252 Amicos
595 1179 766 1265 consului,
793 1185 850 1271 qui
866 1185 931 1253 So·

94 1281 229 1364 cierati,
253 1301 321 1350 tum
345 1280 463 1375 Regiae
480 1281 716 1364 Scientiarum,
745 1302 813 1349 turn
834 1282 931 1352 Anti·

88 1380 286 1467 quartorum
312 1379 424 1450 adsciri
449 1379 549 1464 sunt,
583 1383 729 1466 itemque
755 1375 932 1452 Praeteeros

89 1474 216 1549 Musaei
241 1477 446 1558 Britannici,
479 1481 574 1562 imo,
609 1495 644 1544 ut
671 1477 775 1544 verbo
801 1477 931 1562 dicam,

92 1596 213 1643 omnes
240 1597 318 1658 eos,
343 1577 496 1664 aquibus
513 1573 677 1663 suppetias
692 1573 848 1658 quasdam
867 1579 931 1652 bac

92 1692 187 1762 parte
214 1674 397 1764 exspesiare
421 1672 611 1764 potuiiiern3
638 1668 761 1738 frustra.
812 1670 931 1768 Quum

90 1792 194 1840 nemo
219 1771 273 1840 hic
300 1774 497 1862 reperiatur,
531 1773 586 1841 cui
608 1766 761 1841 differitas
785 1772 933 1846 chartam

86 1868 233 1940 Lineam
259 1873 344 1940 inter
368 1891 468 1960 atque
488 1869 701 1941 Cottonicam
719 1867 804 1939 adeo
822 1869 858 1942 srt
874 1896 933 1945 ex·

86 1966 245 2058 plorata,
270 1987 307 2039 ut
328 1970 409 2040 certi
433 1969 512 2058 quid
531 1971 563 2037 in
579 1968 690 2036 haere
708 1975 931 2059 pronunciare

88 2064 172 2136 aufit
236 2064 313 2136 Hoc
345 2069 460 2159 paucis
490 2065 740 2136 memorandum
771 2064 859 2154 suit,
893 2091 933 2142 ut

86 2161 262 2254 persuasus
285 2166 343 2247 srs‘,
361 2165 421 2235 Vir
439 2165 485 2236 iil.
501 2166 624 2254 absque
641 2163 828 2232 huiusmodi
842 2170 930 2240 notis

87 2259 127 2333 δι
154 2262 333 2332 certissrnris
356 2265 485 2334 indiciis
509 2265 593 2331 inter
617 2280 793 2349 utrumque
809 2263 931 2341 charrae

85 2381 199 2454 genus
224 2361 436 2444 discriminis,
472 2359 620 2430 inutilem
646 2357 776 2448 prorsus
800 2364 832 2430 in
860 2363 928 2434 hoc

82 2479 287 2552 argumento
312 2463 421 2530 navari
445 2480 592 2549 operam.
618 2455 694 2527 dab.
719 2454 926 2538 Londiniru.

90 2554 193 2631 Febr.
212 2579 437 2631 craroccuxttr.
