2018 3578
147 142 217 220 166
290 140 865 225 Onssuuartouua

140 320 288 394 multum
316 317 477 405 crassiori,
502 319 772 398 animadvertere
798 329 874 401 mibi
893 332 962 404 ndr-
1001 406 1003 415 ,

143 442 193 491 or.
241 416 384 489 Rursum
407 413 486 486 linei
515 421 646 513 generis
677 420 870 517 schedula,
898 432 962 502 clau·

141 517 243 590 sulam
279 517 571 590 commentationis
612 515 819 610 Gordonii,
859 525 964 600 Medio
1001 514 1003 525 ’

141 612 456 709 Montispessulani,
495 612 590 706 supra
629 624 851 713 prognostica
880 631 966 700 conti·

139 735 224 786 nens
246 714 345 787 nullis
366 713 446 784 striis
462 712 604 784 obdusia
619 720 791 790 cernitur:
816 744 929 818 meque
942 728 965 795 ir

139 816 212 886 aliis
239 813 327 884 idem
350 808 528 882 observasse
553 812 728 886 recordor.
786 817 878 894 Hinc
899 821 964 895 nibil

140 911 266 984 definiti
289 932 331 984 ex
351 908 401 980 his
425 929 540 999 petere
568 910 699 982 audeo:
718 914 858 1005 iuvabit
874 943 964 994 tamen

141 1008 318 1101 aliquando
335 1006 482 1093 sortasse,
507 1008 548 1079 ad
563 1007 634 1079 hacc
650 1015 840 1088 attendere.

187 1105 249 1178 His
273 1109 334 1177 rite
359 1103 561 1190 constitutis,
587 1106 629 1176 de
653 1112 753 1181 variis
771 1114 897 1188 cbartae
911 1114 964 1208 spe·

137 1206 342 1291 ciminibus,
372 1225 415 1273 ex
452 1200 609 1295 Hispania
644 1211 862 1301 transmissis,
894 1236 962 1296 non,

137 1304 195 1376 nisi
214 1304 373 1400 plagulam
389 1299 479 1373 illam
496 1300 705 1392 Sarabictm,
732 1308 754 1401 (
764 1310 851 1383 Obs.
870 1334 905 1405 p.
919 1313 963 1404 58,

140 1405 246 1498 81),
279 1402 397 1475 deinde
428 1396 636 1493 schedulam,
669 1400 798 1498 scripto
837 1408 964 1483 Gurdinii

136 1499 324 1589 desectam,
348 1499 409 1594 (p.
425 1516 472 1592 79
493 1498 568 1592 83)
595 1498 689 1593 cujus
708 1505 817 1578 modo
833 1511 963 1582 mentio·

136 1624 214 1675 nem
237 1603 355 1694 injeci,
382 1617 450 1669 turn
473 1599 642 1692 exemplum
664 1599 796 1675 delibro
814 1605 963 1694 Exiurini,

136 1721 157 1768 e
183 1699 441 1772 membranaceis
464 1695 552 1767 soliis
576 1717 676 1791 atque
692 1699 882 1780 chartaceis
898 1708 963 1777 mix·

137 1799 196 1868 rim
223 1795 427 1888 composito,
453 1795 614 1886 petitum,
640 1795 661 1889 <
668 1819 702 1890 p.
723 1801 826 1896 86);
854 1805 963 1898 postte·

135 1913 193 1966 mo
206 1891 327 1984 folium
350 1891 462 1962 codicis
486 1889 730 1986 Escurr'ulenfis,
764 1921 875 1993 opera
896 1921 963 1975 uon·

134 1990 225 2066 nulla
262 1989 475 2076 Aristotelis,
513 1995 546 2062 in
584 1991 731 2090 linguam
771 1996 964 2073 Hebraicau

135 2091 286 2168 translata
310 2088 580 2181 complementis,
613 2091 675 2187 (p.
700 2115 763 2186 90,
789 2098 893 2194 91),
915 2118 964 2193 pro

134 2186 254 2266 'ciariis
285 2211 356 2264 uere
391 2189 480 2260 lineis
515 2189 636 2263 habere
668 2191 851 2283 possumus.
908 2195 964 2270 lan

134 2311 216 2363 aero
239 2290 400 2362 Saetabicn
425 2286 500 2374 illa,
534 2284 568 2361 δι
593 2311 667 2381 quae
692 2295 791 2363 tertio
817 2294 900 2369 ioco
922 2315 966 2367 aa·

133 2395 204 2472 nit,
227 2387 344 2460 forfice
368 2385 537 2481 insignita,
561 2388 603 2456 ab
630 2385 702 2479 ipso
717 2392 965 2481 praestantiffino

133 2487 317 2582 Majansio,
342 2485 412 2555 baec
430 2482 547 2554 mediis
567 2481 674 2557 saeculi
691 2508 762 2559 xiv
778 2495 896 2580 aunis,
920 2489 966 2562 nh

133 2587 275 2674 ultimis,
302 2588 405 2657 immo
430 2580 550 2653 saeculo
573 2605 644 2671 xv,
669 2587 849 2676 tribuitur,
874 2589 965 2662 adeo·

134 2705 200 2773 que
220 2704 357 2774 utraque
378 2682 571 2754 recentioris
587 2679 679 2755 simul
689 2686 751 2754 aevi
760 2688 966 2782 agnoscitur,

134 2801 234 2869 quum
265 2782 512 2853 desideraveras.
567 2778 635 2850 Sed
667 2779 761 2855 secus
791 2785 834 2856 de
865 2788 967 2857 charta

133 2875 427 2969 Montispeslulana
458 2875 494 2951 br
528 2874 742 2951 Escurialenfi
768 2881 967 2958 statuendum
1001 2962 1003 2971 ¹

133 2969 241 3067 soret,
266 2975 290 3046 si
311 2978 480 3066 errantis,
507 2979 541 3048 in
556 2977 674 3053 iisdem
690 2981 866 3075 cupressu,
888 2981 965 3077 judi·

885 3082 965 3156 dum
