2018 3578
129 104 204 193 298
276 92 877 173 Ontonvtn'tonns'

130 279 375 373 prostitutum,
407 270 497 346 'mihi
531 270 728 368 persuadeo.
782 277 867 348 istud
886 268 953 345 'vtro

130 378 326 468 opusculum
358 377 482 444 austori
508 378 654 446 debetur
685 374 812 465 Joomtt'
840 374 950 444 Danieli

127 473 265 557 marro,
301 473 587 544 administrationis
619 472 825 545 Paiatinatus
862 471 954 543 ectio·

128 573 259 644 finsticae
283 573 695 666 hypomnematogrnpho,
720 572 778 643 seu
803 572 956 666 Registn·

126 673 222 758 toti,
251 671 319 764 jam
350 673 393 740 ab
418 669 574 738 Eiettore
597 669 787 741 Confiiiarii
809 672 957 764 dignitate

127 790 267 853 ornato,
292 766 526 861 Heidelbergae
551 770 697 849 viventi,
722 771 798 838 viro
815 767 958 850 etudito,

125 871 241 957 reique
272 869 442 956 ptaecipue
474 866 696 956 diplomaticae
727 864 886 936 Pnlotinae
909 862 956 934 ed·

125 966 265 1036 modum
278 983 395 1057 gnaro
426 959 528 1034 Hunc
543 982 654 1033 autem
671 965 713 1035 de
732 967 870 1034 materia
889 983 957 1053 pto·

124 1059 230 1153 pofita
254 1062 499 1130 commentandi
525 1062 676 1129 ordinem
694 1066 821 1147 tenuit;
849 1082 887 1132 ut
901 1061 956 1151 pri·

124 1181 218 1229 mom
240 1180 301 1250 per
326 1160 548 1229 indutiionetn
572 1158 778 1252 colligeret,
820 1159 956 1230 chartam

122 1252 276 1339 lineam,
305 1252 383 1328 nn'te'
410 1254 528 1328 Sae'culi
551 1250 634 1325 XIV
655 1259 776 1343 initio,
815 1257 957 1328 nondum

124 1355 217 1428 fuiffe
239 1357 467 1436 adinventam
494 1354 615 1426 deinde
640 1376 742 1426 unum
767 1376 870 1449 atque
886 1355 957 1425 nite·

123 1477 199 1527 rum
220 1456 292 1547 ejus
313 1455 571 1534 documentum,
597 1452 689 1545 qnod
715 1451 785 1542 ipse
809 1455 957 1544 antiquie

124 1554 240 1627 fimum
263 1551 469 1636 offenderat,
501 1572 653 1622 accurate
679 1551 885 1644 descriptum
908 1549 956 1622 ad·

120 1652 286 1746 jungeret.

172 1747 259 1815 istud
283 1749 389 1816 taliter
413 1744 673 1841 argumentando
698 1747 875 1819 confecit:
907 1746 956 1831 Si,

121 1847 159 1916 in
182 1844 306 1913 infinita
328 1849 573 1934 propemodum
592 1847 875 1916 documentorum
893 1867 956 1915 onr-

121 1946 173 2016 nis
189 1944 319 2037 generis
333 1946 452 2031 copia,
468 1942 596 2013 nullutn
615 1947 754 2015 omnino
762 1944 957 2036 quantilibet

119 2042 285 2113 momenti
297 2092 310 2124 ,
322 2038 484 2110 Saecuium
502 2062 570 2110 xiv
584 2041 676 2130 quod
691 2044 854 2127 excedat,
872 2063 957 2116 com·

121 2143 287 2234 penatum
312 2139 366 2210 sed
393 2140 534 2228 quoeris,
559 2138 625 2208 stne
649 2139 715 2210 ulia
738 2144 956 2233 exceptione,

121 2240 189 2310 five
213 2240 255 2308 nd
281 2260 333 2306 res
359 2240 510 2321 maximi,
536 2236 601 2306 srve
624 2240 751 2308 minimi
768 2242 869 2329 pretii
887 2240 959 2309 soci·

124 2358 200 2419 nnt,
225 2337 424 2405 membranis
440 2334 609 2405 constent:
636 2334 800 2428 sequitur,
819 2357 856 2408 ut
871 2339 958 2407 cher·

124 2456 167 2505 tae
191 2436 285 2505 iineae
301 2433 454 2522 potandae
470 2433 606 2517 modus,
631 2434 790 2505 antehoc
808 2455 958 2526 tempos,

121 2535 269 2601 nondum
295 2532 441 2603 deterres
464 2529 572 2600 fucrit.
623 2531 806 2603 ‘fabulatio
831 2554 958 2616 autem,

123 2648 185 2718 per
215 2632 326 2720 piures
347 2651 477 2714 annos,
510 2627 724 2700 sollertiiirmo
747 2631 875 2701 nudioti
901 2630 960 2700 frui

122 2725 238 2803 licuit,
262 2729 483 2797 monumentis
506 2728 606 2798 medii
630 2730 692 2798 aevi
715 2729 888 2819 quibusvis
913 2732 958 2799 in·

123 2822 348 2915 strustissimo:
388 2845 423 2893 ut
446 2825 531 2895 adeo
553 2829 586 2896 in
613 2826 680 2898 hoc
705 2825 819 2898 saltem
845 2848 960 2922 magno

123 2917 197 3014 ejus
227 2921 264 2992 fit
294 2917 483 2996 nudoritns'.
537 2923 605 2996 lam
640 2927 783 3021 graviter
814 2923 959 3090 testatur}

922 3046 938 3093 t
