2018 3578
144 163 215 245 ⁸70
276 138 855 214 oisaavaaaonas

141 324 328 417 Hispanicae
362 336 482 413 1397,
517 331 642 387 tantum
676 314 725 411 38
760 317 837 387 anni
865 317 965 392 subdu·

142 424 240 496 cendi
278 417 375 510 sint.)
433 415 547 510 Viguit
583 416 682 510 igitur
722 415 845 506 procul
879 417 964 489 dubio

140 544 228 594 anuo
248 517 356 588 adhuc
387 513 499 605 1367:
525 534 594 606 quo
618 515 719 585 vitam
741 509 782 586 dt
797 517 867 586 ada
882 517 966 588 diuini

142 619 326 690 Servatoris
347 607 531 704 Francistus
553 610 697 682 Eximini
715 612 888 687 volumine
903 637 968 688 cun·
1002 630 1005 653 ²

142 714 292 809 scripsisse
339 713 468 797 fertur,
506 731 549 781 ex
587 711 852 782 membranaceis
892 714 968 785 foliis

143 817 338 904 linteisque,
365 808 492 882 vicibus
507 807 638 880 alternis
659 807 717 881 libi
731 809 875 902 mustis,
903 834 971 885 cun·

142 917 263 987 stante:
295 931 337 981 ex
359 930 428 1000 quo
452 904 641 998 exemplum
666 907 788 978 chattae
813 907 969 1004 fingulatir

142 1015 262 1103 plane,
288 1008 444 1097 istamque
469 1022 597 1076 aetatem
623 1004 825 1098 superantis,
853 1007 967 1081 &hinc

141 1109 292 1200 suspediae
317 1102 387 1175 fere
404 1101 596 1200 elegantiae,
620 1101 699 1174 Tibi
714 1108 891 1180 transmistt
907 1105 968 1178 Ma·

138 1206 266 1303 junius.
293 1201 404 1293 (Obi.
436 1222 469 1293 p.
503 1202 591 1294 86).
640 1200 830 1294 Cumque,
863 1212 977 1298 prater·

139 1310 227 1394 glane,
254 1304 399 1384 nullum,
428 1319 471 1370 ex
487 1297 637 1370 universo
656 1299 778 1373 saeculo
803 1325 894 1389 artu,
918 1304 967 1375 ob·

142 1407 277 1479 tinueris
298 1400 482 1490 Hispanicae
499 1400 619 1470 chartae
634 1397 822 1490 specimen:
847 1403 965 1497 (Codi-

140 1528 215 1579 cem
247 1505 344 1575 enim
363 1494 594 1581 Hebraicum‚
626 1495 720 1590 cujus
743 1496 867 1573 lolium
891 1522 967 1572 tene·

141 1628 233 1686 mus,
258 1624 300 1670 ne
325 1601 411 1669 istius
434 1594 568 1688 quidem
592 1598 654 1665 aevi
677 1596 878 1694 agnoscis):
902 1597 965 1670 inde

140 1703 356 1796 colligimus,
390 1698 445 1764 vix
468 1695 546 1763 dum
570 1692 690 1765 lineam
712 1695 892 1783 chartam,
920 1694 965 1769 nii

141 1801 236 1870 ualde
264 1795 465 1875 insolenter,
497 1793 529 1861 in
554 1789 708 1884 Hispania
733 1792 827 1866 fuisse
852 1796 965 1867 adhibi·

141 1918 219 1968 tam.
266 1892 420 1961 Meretur
449 1911 584 1980 quoque
619 1891 652 1960 id
672 1893 828 1978 attendi,
861 1900 893 1964 in
917 1893 964 1966 istu

139 1994 309 2066 volumine
344 1985 508 2058 Francisci
532 1987 704 2077 Eximini‚
736 2012 808 2061 non
834 2015 964 2087 magne,

139 2115 176 2168 ut
203 2092 285 2164 mihi
314 2086 523 2180 permadeo,
561 2087 689 2172 molis,
723 2089 857 2163 chartas
877 2093 965 2163 lineus

138 2191 335 2267 diversarum
359 2181 560 2259 officinarum
587 2184 812 2277 deprehendi,
847 2189 964 2264 divetis

135 2294 264 2384 quippe
288 2287 415 2357 illatum
440 2282 537 2375 fignis
554 2307 573 2352 a
588 2282 620 2355 se
637 2287 780 2355 invicem
798 2284 961 2362 distirtrrar.

138 2388 243 2487 Quod
274 2399 503 2478 argumentum
527 2385 680 2470 praebet,
712 2404 812 2474 quam
841 2407 963 2480 repertu

138 2486 278 2560 difficilis
303 2481 431 2553 illarum
457 2481 575 2574 exigua
603 2480 716 2552 saltem
739 2478 841 2554 suerit
864 2490 962 2578 copia.

138 2587 246 2658 immo
267 2585 330 2655 erit
351 2575 506 2660 tornius,
530 2582 588 2669 qui
609 2578 728 2650 exinde
746 2578 879 2670 eliciat,
902 2603 963 2656 on·

135 2705 214 2756 nem
239 2683 383 2752 charram
407 2675 526 2746 lineam
551 2698 629 2749 tunc
654 2680 815 2768 temporis
840 2704 884 2754 ex
901 2681 962 2754 aliis

137 2780 329 2878 regionibus
366 2782 398 2847 in
438 2769 625 2861 Hispaniam
661 2773 752 2847 fuisse
791 2780 961 2852 interium:

136 2881 248 2976 prouti
285 2895 329 2946 ex
358 2870 564 2958 Hollandia‚
598 2873 711 2946 nostru
738 2874 849 2949 adhuc
878 2899 964 2962 aevo,

136 2979 241 3054 exteri
266 2972 411 3045 chartam
433 2970 594 3061 optimam
618 2991 756 3067 petunt,
780 2996 859 3050 cum
877 2980 917 3052 ad
931 2976 961 3044 ii·

906 3077 960 3146 lunt
