2018 3578
96 188 143 277 84
228 181 800 256 Orsrrrvrrrrorrer

97 389 100 397 ’
143 363 247 438 Num.
266 385 301 452 4.
325 361 384 431 ubi
398 361 522 432 exstant
534 361 651 433 verba:
671 359 757 434 Dar.
776 362 917 462 Dertrrffir

90 450 175 546 &cs
190 463 283 556 quod
297 460 436 530 Amicris
451 479 524 531 tuus
539 459 652 530 seculo
667 482 739 532 xrv.
760 464 915 553 accenset,

92 568 201 657 prima
232 561 336 632 statim
368 558 526 651 inspecrio
556 559 657 630 docet
686 560 917 654 bombycinum·

93 662 168 734 effe.
419 667 422 673 '

140 758 255 830 Vides'·
266 762 376 850 iraque
392 756 436 827 V.
454 755 511 826 Ci.
531 759 696 851 originem
705 758 827 830 chartae
836 760 920 832 lineae

91 864 127 934 in
150 856 309 951 Hispania
332 856 480 926 nondum
503 855 712 948 exploratam
733 854 825 945 effe,
859 863 918 929 imo

91 979 195 1054 quum
210 955 387 1051 goffypirrae
398 953 472 1025 usus
485 953 553 1025 illic
565 954 674 1025 adhuc
688 953 803 1025 seculo
811 979 918 1048 quarto

91 1061 226 1142 decimo
250 1055 433 1144 duraverit,
458 1072 523 1145 ram
545 1054 703 1124 vetustam
719 1073 790 1124 non
806 1056 917 1142 videri,

91 1162 192 1247 'atque
209 1152 289 1222 alibi
305 1150 393 1221 forte
409 1151 575 1222 iocorum.

116 1250 253 1336 ··Vale‚·
271 1250 314 1321 V.
338 1248 396 1320 Cl.
417 1247 454 1322 δι
476 1271 528 1321 res
544 1269 614 1320 ruas
633 1249 766 1343 semper
779 1275 841 1350 age
856 1250 918 1323 ieli-

89 1357 184 1425 eiter.
234 1349 325 1422 Dab.
351 1347 516 1433 Stadvici‚
541 1351 574 1417 in
590 1350 718 1439 praedio
733 1372 812 1422 meo
820 1371 916 1445 prope

88 1451 232 1545 Leidam
250 1449 284 1520 d.
302 1469 348 1542 23
366 1447 538 1539 Septemb.
559 1447 664 1539 1762.

97 1546 177 1623 ³³·P.
200 1548 235 1621 S.
271 1544 333 1646 Hae
357 1547 460 1618 lirerae
483 1547 525 1617 ab
552 1547 738 1617 amanuenfi
763 1570 841 1621 meo
861 1548 916 1642 jrnr

91 1651 267 1740 descriptae
283 1664 393 1733 erant,
412 1658 520 1737 'quum
539 1646 572 1713 in
588 1664 736 1738 menrem
752 1651 861 1733 venit,
884 1667 916 1730 rr

87 1770 158 1822 non
172 1744 301 1818 cultelli
316 1742 563 1837 opeexplorari
576 1742 680 1837 poiiet
693 1744 816 1817 charrae
828 1748 914 1818 bori-

87 1848 220 1935 bycinre
246 1865 372 1938 genus,
397 1839 432 1912 &
454 1839 624 1932 particuiae
646 1847 827 1916 cottonicae
847 1842 914 1915 inde

88 1941 206 2031 avelli:
224 1946 288 2010 ne'c
303 1937 489 2011 infeliciter.
509 1939 661 2012 Invenies
671 1943 791 2037 igitur,
803 1944 914 2016 chartae

87 2040 185 2116 iel.
199 2037 417 2110 Velasco-tibi
435 2036 531 2108 miffae
548 2038 716 2131 specimen
732 2041 841 2114 multo
856 2039 914 2114 clae

88 2144 163 2231 ‘riur
180 2135 453 2237 originem-surm
475 2140 680 2232 exprimere,
705 2159 805 2233 quam
821 2139 914 2234 ipsam

86 2239 258 2312 perficam.
425 2258 454 2283 ’-
677 2246 679 2251 ’
725 2248 729 2255 “
841 2251 845 2258 ’
