2018 3578
88 213 145 266 oo·
224 189 792 264 onsanvatroare

88 372 242 444 adcurate
284 365 420 438 edocuit
454 365 543 458 (vid.
579 367 720 441 Obserr.
757 369 929 464 Epistola*

89 471 147 541 Cis
171 466 255 537 Belii
273 464 481 560 subiectam.)

137 564 196 634 Est
226 568 337 653 itaque
371 562 454 633 iiber
486 563 541 631 hic
573 561 680 635 Mstus
711 566 918 637 Chartaceuu

89 665 214 754 absque
240 662 307 732 ulla
332 661 589 739 contradiciione
617 665 650 731 in
676 666 788 734 charta
813 667 918 749 linea,

90 784 164 854 quae
179 780 338 852 perquam
353 758 477 830 vetusta
493 759 558 843 est,
584 753 623 830 dt
637 761 694 831 vei
707 764 850 833 ruditate
866 764 918 833 sna

90 860 251 943 ostendit,
275 860 309 927 in
323 857 428 948 prima
436 854 532 927 huius
540 859 756 931 artisiuventa
771 865 804 932 in
819 861 919 931 linea-

91 980 158 1050 que
172 957 303 1039 charta,
326 973 400 1024 ante
417 976 537 1024 annum
556 966 734 1028 crocccxrr.
751 958 921 1045 conferta,

90 1057 181 1129 huno
203 1052 357 1125 codicem
376 1049 465 1122 suissi
479 1074 658 1125 exaratum.
707 1054 795 1127 lliud
813 1078 921 1128 tarnen

91 1154 156 1227 bac
181 1151 400 1241 disputatione
425 1152 633 1222 contendere
652 1152 763 1239 nolu,
799 1155 920 1226 librum

91 1252 182 1334 hunc
205 1249 414 1322 chartaceum
440 1250 474 1318 in
497 1250 605 1320 nostra
629 1250 840 1324 Bibliotheca
862 1252 922 1324 eiie

91 1351 242 1424 omniunt
270 1345 551 1438 antiquiffimum3
586 1347 642 1417 sed
670 1370 759 1422 nunc
787 1352 923 1443 quidem

90 1449 235 1521 hiberno
259 1464 410 1537 tempure
433 1443 528 1536 plura
551 1467 623 1515 earn
648 1450 681 1518 in
706 1470 777 1518 rern
801 1454 924 1519 exami-

91 1567 172 1620 nare
188 1565 256 1619 non
274 1542 364 1617 licet.
394 1542 520 1616 Sufficit
534 1544 635 1628 mihi,
660 1546 701 1616 ad
722 1548 923 1637 propofitanr

92 1646 305 1739 quaestionem
336 1663 391 1714 me
422 1662 558 1734 quoque
587 1641 712 1735 aliquid
743 1644 925 1716 contuliise⁴

92 1743 186 1816 Volo
204 1763 312 1813 tamen
330 1741 372 1811 ad
388 1738 592 1832 probandam
610 1744 680 1813 eius
696 1742 771 1812 libri
787 1747 925 1815 vetusta·

90 1861 163 1918 ¹tern
179 1861 222 1911 ex
235 1839 400 1929 principio
416 1839 487 1907 eius
500 1837 608 1909 adhuc
623 1838 763 1933 paucula
784 1839 925 1913 adferre.

94 1939 255 2018 Omnium
278 1934 384 2027 prima
405 1936 512 2007 rubris
534 1934 638 2008 literis
653 1938 773 2031 scripta
789 1938 861 2012 haec
878 1941 926 2010 lc·

93 2055 237 2137 guntur:
345 2064 348 2079 ·

102 2181 107 2199 .
144 2133 201 2226 Hy
224 2132 326 2205 hebet
348 2129 427 2223 sych
450 2132 509 2203 der
531 2154 650 2205 renner
673 2156 726 2206 an.
751 2134 802 2207 hic
818 2134 927 2226 incipit

94 2235 192 2308 Liber
216 2228 412 2324 Rbyrmicur.
464 2229 600 2302 Deinde
625 2231 803 2326 sequuntur
818 2233 929 2305 trede-¹

94 2336 162 2407 cim
185 2328 294 2402 versus
320 2327 492 2416 Leonini‚
524 2330 560 2401 id
583 2330 629 2402 est
650 2330 824 2403 artificiose
847 2352 928 2402 con·

95 2431 247 2515 cinnati,
283 2425 344 2520 (a)
376 2449 519 2517 quorum
549 2427 684 2500 ultimus
713 2451 732 2498 a
758 2431 929 2519 prioribus

97 2528 243 2604 diversus
258 2523 353 2596 aliter
364 2523 476 2596 sonata
495 2527 662 2617 postremo
676 2524 823 2617 sequitur
833 2528 930 2599 huius

97 2625 297 2722 praefationis
322 2625 549 2716 interpretatio
572 2622 799 2715 Germanica,
832 2623 928 2695 finriii

96 2726 167 2798 fere
181 2721 331 2798 versuum
346 2743 481 2818 genere.

859 2893 931 2971 Vi·

103 3079 179 3159 (a)
198 3079 279 3159 Quos
302 3074 370 3135 vid.
397 3084 454 3140 uita
477 3096 544 3145 curn
568 3079 740 3149 Germanici
761 3074 932 3156 interprete·¹

97 3161 175 3220 tione
191 3159 221 3217 in
235 3153 357 3217 observ.
378 3154 423 3222 Cl.
441 3153 527 3219 Beni.
