<?xml version="1.0" encoding="UTF-8"?>
<!DOCTYPE html PUBLIC "-//W3C//DTD XHTML 1.0 Transitional//EN"
    "http://www.w3.org/TR/xhtml1/DTD/xhtml1-transitional.dtd">
<html xmlns="http://www.w3.org/1999/xhtml" xml:lang="en" lang="en">
 <head>
  <title>
</title>
<meta http-equiv="Content-Type" content="text/html;charset=utf-8" />
  <meta name='ocr-system' content='tesseract 3.04.00' />
  <meta name='ocr-capabilities' content='ocr_page ocr_carea ocr_par ocr_line ocrx_word'/>
</head>
<body>
  <div class='ocr_page' id='page_1' title='image "./gerardimeermane00meergoog_0072.png"; bbox 0 0 2018 3578; ppageno 0'>
   <div class='ocr_carea' id='block_1_1' title="bbox 149 163 874 260">
    <p class='ocr_par' dir='ltr' id='par_1_1' title="bbox 149 163 874 260">
     <span class='ocr_line' id='line_1_1' title="bbox 149 163 874 260; baseline -0.008 -19"><span class='ocrx_word' id='word_1_1' title='bbox 149 169 213 241; x_wconf 81' lang='lat' dir='ltr'>De</span> <span class='ocrx_word' id='word_1_2' title='bbox 239 170 363 240; x_wconf 77' lang='lat' dir='ltr'>ome.</span> <span class='ocrx_word' id='word_1_3' title='bbox 390 163 559 237; x_wconf 77' lang='lat' dir='ltr'>Cunna.</span> <span class='ocrx_word' id='word_1_4' title='bbox 584 163 752 237; x_wconf 76' lang='lat' dir='ltr'>Linum.</span> <span class='ocrx_word' id='word_1_5' title='bbox 826 184 874 260; x_wconf 83' lang='lat'>47</span> 
     </span>
    </p>
   </div>
   <div class='ocr_carea' id='block_1_2' title="bbox 64 340 854 617">
    <p class='ocr_par' dir='ltr' id='par_1_2' title="bbox 64 340 854 617">
     <span class='ocr_line' id='line_1_2' title="bbox 64 340 854 439; baseline -0.009 -19"><span class='ocrx_word' id='word_1_6' title='bbox 64 348 210 423; x_wconf 71' lang='lat' dir='ltr'><strong>VIRO</strong></span> <span class='ocrx_word' id='word_1_7' title='bbox 251 343 608 418; x_wconf 69' lang='lat' dir='ltr'>crau-lsslmo</span> <span class='ocrx_word' id='word_1_8' title='bbox 646 340 854 439; x_wconf 81' lang='lat' dir='ltr'><strong>ATQUE</strong></span> 
     </span>
     <span class='ocr_line' id='line_1_3' title="bbox 245 540 680 617; baseline -0.011 0"><span class='ocrx_word' id='word_1_9' title='bbox 245 540 680 617; x_wconf 80' lang='lat' dir='ltr'><strong>DOCTISSINIO</strong></span> 
     </span>
    </p>
   </div>
   <div class='ocr_carea' id='block_1_3' title="bbox 127 755 794 1060">
    <p class='ocr_par' dir='ltr' id='par_1_3' title="bbox 127 755 794 1060">
     <span class='ocr_line' id='line_1_4' title="bbox 127 755 794 860; baseline -0.006 -2"><span class='ocrx_word' id='word_1_10' title='bbox 127 761 182 858; x_wconf 91' lang='lat' dir='ltr'>P.</span> <span class='ocrx_word' id='word_1_11' title='bbox 231 756 298 854; x_wconf 90' lang='lat' dir='ltr'>D.</span> <span class='ocrx_word' id='word_1_12' title='bbox 346 755 794 860; x_wconf 88' lang='lat' dir='ltr'><strong>LONGOLIO</strong></span> 
     </span>
     <span class='ocr_line' id='line_1_5' title="bbox 358 988 576 1060; baseline 0 -2"><span class='ocrx_word' id='word_1_13' title='bbox 358 988 390 1060; x_wconf 81' lang='lat' dir='ltr'>S.</span> <span class='ocrx_word' id='word_1_14' title='bbox 440 988 477 1060; x_wconf 80' lang='lat' dir='ltr'>e.</span> <span class='ocrx_word' id='word_1_15' title='bbox 529 989 576 1059; x_wconf 85' lang='lat' dir='ltr'>o.</span> 
     </span>
    </p>
   </div>
   <div class='ocr_carea' id='block_1_4' title="bbox 75 1185 853 1275">
    <p class='ocr_par' dir='ltr' id='par_1_4' title="bbox 75 1185 853 1275">
     <span class='ocr_line' id='line_1_6' title="bbox 75 1185 853 1275; baseline 0.003 -2"><span class='ocrx_word' id='word_1_16' title='bbox 75 1189 451 1274; x_wconf 78' lang='lat' dir='ltr'><strong>GERARDUS</strong></span> <span class='ocrx_word' id='word_1_17' title='bbox 489 1185 853 1275; x_wconf 77' lang='lat' dir='ltr'><strong>MEERMAN.</strong></span> 
     </span>
    </p>
   </div>
   <div class='ocr_carea' id='block_1_5' title="bbox 10 1435 981 2809">
    <p class='ocr_par' dir='ltr' id='par_1_5' title="bbox 10 1435 981 2809">
     <span class='ocr_line' id='line_1_7' title="bbox 127 1435 886 1527; baseline 0.001 -21"><span class='ocrx_word' id='word_1_18' title='bbox 127 1435 231 1506; x_wconf 88' lang='lat' dir='ltr'>AEtus</span> <span class='ocrx_word' id='word_1_19' title='bbox 257 1454 432 1527; x_wconf 77' lang='lat' dir='ltr'>gratusque</span> <span class='ocrx_word' id='word_1_20' title='bbox 457 1437 574 1524; x_wconf 82' lang='lat' dir='ltr'>accepi</span> <span class='ocrx_word' id='word_1_21' title='bbox 597 1436 640 1504; x_wconf 87' lang='lat' dir='ltr'>V.</span> <span class='ocrx_word' id='word_1_22' title='bbox 665 1435 720 1506; x_wconf 91' lang='lat' dir='ltr'>Cl.</span> <span class='ocrx_word' id='word_1_23' title='bbox 746 1459 820 1527; x_wconf 76' lang='lat' dir='ltr'>quae</span> <span class='ocrx_word' id='word_1_24' title='bbox 843 1437 886 1508; x_wconf 86' lang='lat' dir='ltr'>ad</span> 
     </span>
     <span class='ocr_line' id='line_1_8' title="bbox 10 1533 885 1621; baseline 0 -18"><span class='ocrx_word' id='word_1_25' title='bbox 10 1587 12 1591; x_wconf 20' lang='lat' dir='ltr'>a</span> <span class='ocrx_word' id='word_1_26' title='bbox 140 1557 206 1604; x_wconf 78' lang='lat' dir='ltr'>me</span> <span class='ocrx_word' id='word_1_27' title='bbox 240 1554 351 1621; x_wconf 81' lang='lat' dir='ltr'>nuper.</span> <span class='ocrx_word' id='word_1_28' title='bbox 368 1533 474 1601; x_wconf 77' lang='lat' dir='ltr'>misisti</span> <span class='ocrx_word' id='word_1_29' title='bbox 504 1533 646 1602; x_wconf 86' lang='lat' dir='ltr'>literaria</span> <span class='ocrx_word' id='word_1_30' title='bbox 670 1534 885 1620; x_wconf 88' lang='lat' dir='ltr'>munuscula,</span> 
     </span>
     <span class='ocr_line' id='line_1_9' title="bbox 52 1630 886 1725; baseline 0 -21"><span class='ocrx_word' id='word_1_31' title='bbox 52 1635 204 1725; x_wconf 83' lang='lat' dir='ltr'>inprimis</span> <span class='ocrx_word' id='word_1_32' title='bbox 230 1632 271 1700; x_wconf 91' lang='lat' dir='ltr'>de</span> <span class='ocrx_word' id='word_1_33' title='bbox 302 1632 412 1699; x_wconf 83' lang='lat' dir='ltr'>charta</span> <span class='ocrx_word' id='word_1_34' title='bbox 443 1630 655 1722; x_wconf 71' lang='lat' dir='ltr'>antiquissima</span> <span class='ocrx_word' id='word_1_35' title='bbox 682 1630 783 1701; x_wconf 84' lang='lat' dir='ltr'>lintea</span> <span class='ocrx_word' id='word_1_36' title='bbox 805 1632 886 1704; x_wconf 88' lang='lat' dir='ltr'>Tibi</span> 
     </span>
     <span class='ocr_line' id='line_1_10' title="bbox 54 1728 887 1823; baseline -0.001 -22"><span class='ocrx_word' id='word_1_37' title='bbox 54 1753 134 1804; x_wconf 84' lang='lat' dir='ltr'>nota</span> <span class='ocrx_word' id='word_1_38' title='bbox 155 1750 388 1823; x_wconf 79' lang='lat' dir='ltr'>programma,</span> <span class='ocrx_word' id='word_1_39' title='bbox 412 1731 504 1819; x_wconf 88' lang='lat' dir='ltr'>quod</span> <span class='ocrx_word' id='word_1_40' title='bbox 522 1752 597 1799; x_wconf 88' lang='lat' dir='ltr'>cum</span> <span class='ocrx_word' id='word_1_41' title='bbox 615 1728 783 1821; x_wconf 79' lang='lat' dir='ltr'>voluptate</span> <span class='ocrx_word' id='word_1_42' title='bbox 799 1731 887 1802; x_wconf 86' lang='lat' dir='ltr'>fruc·</span> 
     </span>
     <span class='ocr_line' id='line_1_11' title="bbox 54 1825 887 1924; baseline -0.001 -22"><span class='ocrx_word' id='word_1_43' title='bbox 54 1852 158 1920; x_wconf 87' lang='lat' dir='ltr'>tuque</span> <span class='ocrx_word' id='word_1_44' title='bbox 175 1828 255 1924; x_wconf 84' lang='lat' dir='ltr'>legi.</span> <span class='ocrx_word' id='word_1_45' title='bbox 303 1825 440 1896; x_wconf 84' lang='lat' dir='ltr'>Utinam</span> <span class='ocrx_word' id='word_1_46' title='bbox 459 1827 513 1896; x_wconf 85' lang='lat' dir='ltr'>alii</span> <span class='ocrx_word' id='word_1_47' title='bbox 534 1831 592 1896; x_wconf 84' lang='lat' dir='ltr'>viri</span> <span class='ocrx_word' id='word_1_48' title='bbox 610 1829 717 1912; x_wconf 81' lang='lat' dir='ltr'>dosii,</span> <span class='ocrx_word' id='word_1_49' title='bbox 742 1829 784 1898; x_wconf 89' lang='lat' dir='ltr'>ad</span> <span class='ocrx_word' id='word_1_50' title='bbox 800 1853 887 1923; x_wconf 81' lang='lat' dir='ltr'>quos</span> 
     </span>
     <span class='ocr_line' id='line_1_12' title="bbox 55 1927 888 2021; baseline 0.001 -21"><span class='ocrx_word' id='word_1_51' title='bbox 55 1927 210 2021; x_wconf 82' lang='lat' dir='ltr'>exempla</span> <span class='ocrx_word' id='word_1_52' title='bbox 233 1927 466 1997; x_wconf 79' lang='lat' dir='ltr'>admonitionis</span> <span class='ocrx_word' id='word_1_53' title='bbox 496 1950 579 1997; x_wconf 78' lang='lat' dir='ltr'>meae</span> <span class='ocrx_word' id='word_1_54' title='bbox 601 1950 661 2019; x_wconf 90' lang='lat' dir='ltr'>per</span> <span class='ocrx_word' id='word_1_55' title='bbox 685 1949 793 1999; x_wconf 90' lang='lat' dir='ltr'>totum</span> <span class='ocrx_word' id='word_1_56' title='bbox 816 1929 888 2001; x_wconf 84' lang='lat' dir='ltr'>fere</span> 
     </span>
     <span class='ocr_line' id='line_1_13' title="bbox 55 2020 981 2118; baseline -0.002 -20"><span class='ocrx_word' id='word_1_57' title='bbox 55 2020 217 2098; x_wconf 86' lang='lat' dir='ltr'>terrarum</span> <span class='ocrx_word' id='word_1_58' title='bbox 240 2028 358 2095; x_wconf 89' lang='lat' dir='ltr'>orbem</span> <span class='ocrx_word' id='word_1_59' title='bbox 386 2025 501 2116; x_wconf 90' lang='lat' dir='ltr'>sparfi,</span> <span class='ocrx_word' id='word_1_60' title='bbox 528 2049 621 2116; x_wconf 84' lang='lat' dir='ltr'>aeque</span> <span class='ocrx_word' id='word_1_61' title='bbox 647 2029 727 2097; x_wconf 85' lang='lat' dir='ltr'>mihi</span> <span class='ocrx_word' id='word_1_62' title='bbox 751 2030 890 2118; x_wconf 90' lang='lat' dir='ltr'>propitii</span> <span class='ocrx_word' id='word_1_63' title='bbox 978 2105 981 2113; x_wconf 50' lang='grc'>,</span> 
     </span>
     <span class='ocr_line' id='line_1_14' title="bbox 57 2123 889 2210; baseline 0 -14"><span class='ocrx_word' id='word_1_64' title='bbox 57 2125 156 2197; x_wconf 68' lang='lat' dir='ltr'>essent</span> <span class='ocrx_word' id='word_1_65' title='bbox 173 2158 192 2210; x_wconf 87' lang='lat'>,·</span> <span class='ocrx_word' id='word_1_66' title='bbox 228 2123 269 2194; x_wconf 83' lang='lat' dir='ltr'>ad</span> <span class='ocrx_word' id='word_1_67' title='bbox 295 2125 584 2196; x_wconf 85' lang='lat' dir='ltr'>communicandas</span> <span class='ocrx_word' id='word_1_68' title='bbox 606 2124 675 2194; x_wconf 83' lang='lat' dir='ltr'>suas</span> <span class='ocrx_word' id='word_1_69' title='bbox 701 2128 763 2194; x_wconf 80' lang='lat' dir='ltr'>hae</span> <span class='ocrx_word' id='word_1_70' title='bbox 786 2127 829 2194; x_wconf 88' lang='lat' dir='ltr'>de</span> <span class='ocrx_word' id='word_1_71' title='bbox 851 2146 889 2197; x_wconf 84' lang='lat' dir='ltr'>re</span> 
     </span>
     <span class='ocr_line' id='line_1_15' title="bbox 58 2220 892 2314; baseline 0.001 -20"><span class='ocrx_word' id='word_1_72' title='bbox 58 2224 318 2294; x_wconf 79' lang='lat' dir='ltr'>observationes.</span> <span class='ocrx_word' id='word_1_73' title='bbox 367 2222 413 2291; x_wconf 86' lang='lat' dir='ltr'>At</span> <span class='ocrx_word' id='word_1_74' title='bbox 433 2227 495 2292; x_wconf 20' lang='lat' dir='ltr'>vix,</span> <span class='ocrx_word' id='word_1_75' title='bbox 508 2227 655 2314; x_wconf 87' lang='lat' dir='ltr'>quinque</span> <span class='ocrx_word' id='word_1_76' title='bbox 674 2221 727 2291; x_wconf 87' lang='lat' dir='ltr'>vel</span> <span class='ocrx_word' id='word_1_77' title='bbox 745 2220 799 2292; x_wconf 87' lang='lat' dir='ltr'>sex</span> <span class='ocrx_word' id='word_1_78' title='bbox 817 2223 892 2295; x_wconf 82' lang='lat' dir='ltr'>site·</span> 
     </span>
     <span class='ocr_line' id='line_1_16' title="bbox 59 2319 891 2418; baseline 0.001 -27"><span class='ocrx_word' id='word_1_79' title='bbox 59 2347 102 2392; x_wconf 85' lang='lat' dir='ltr'>rae</span> <span class='ocrx_word' id='word_1_80' title='bbox 127 2323 221 2403; x_wconf 87' lang='lat' dir='ltr'>sunt,</span> <span class='ocrx_word' id='word_1_81' title='bbox 246 2341 327 2410; x_wconf 85' lang='lat' dir='ltr'>quas</span> <span class='ocrx_word' id='word_1_82' title='bbox 352 2319 447 2410; x_wconf 88' lang='lat' dir='ltr'>super</span> <span class='ocrx_word' id='word_1_83' title='bbox 464 2321 530 2390; x_wconf 90' lang='lat' dir='ltr'>hoc</span> <span class='ocrx_word' id='word_1_84' title='bbox 547 2341 743 2414; x_wconf 83' lang='lat' dir='ltr'>argumento</span> <span class='ocrx_word' id='word_1_85' title='bbox 757 2324 891 2418; x_wconf 81' lang='lat' dir='ltr'>recepi,</span> 
     </span>
     <span class='ocr_line' id='line_1_17' title="bbox 58 2418 893 2512; baseline -0.002 -22"><span class='ocrx_word' id='word_1_86' title='bbox 58 2443 162 2511; x_wconf 87' lang='lat' dir='ltr'>quum</span> <span class='ocrx_word' id='word_1_87' title='bbox 178 2418 353 2510; x_wconf 85' lang='lat' dir='ltr'>plusquam</span> <span class='ocrx_word' id='word_1_88' title='bbox 370 2438 503 2488; x_wconf 87' lang='lat' dir='ltr'>centum</span> <span class='ocrx_word' id='word_1_89' title='bbox 521 2418 655 2489; x_wconf 86' lang='lat' dir='ltr'>literatis</span> <span class='ocrx_word' id='word_1_90' title='bbox 672 2443 779 2490; x_wconf 80' lang='lat' dir='ltr'>meum</span> <span class='ocrx_word' id='word_1_91' title='bbox 797 2419 893 2512; x_wconf 85' lang='lat' dir='ltr'>opel-</span> 
     </span>
     <span class='ocr_line' id='line_1_18' title="bbox 62 2517 894 2614; baseline 0.005 -25"><span class='ocrx_word' id='word_1_92' title='bbox 62 2520 127 2589; x_wconf 85' lang='lat' dir='ltr'>lam</span> <span class='ocrx_word' id='word_1_93' title='bbox 145 2518 309 2614; x_wconf 83' lang='lat' dir='ltr'>miserim,</span> <span class='ocrx_word' id='word_1_94' title='bbox 325 2539 430 2608; x_wconf 85' lang='lat' dir='ltr'>euque</span> <span class='ocrx_word' id='word_1_95' title='bbox 448 2518 578 2608; x_wconf 83' lang='lat' dir='ltr'>insuper</span> <span class='ocrx_word' id='word_1_96' title='bbox 591 2518 761 2608; x_wconf 87' lang='lat' dir='ltr'>permultis</span> <span class='ocrx_word' id='word_1_97' title='bbox 771 2517 894 2593; x_wconf 74' lang='lat' dir='ltr'>orariis</span> 
     </span>
     <span class='ocr_line' id='line_1_19' title="bbox 43 2615 893 2712; baseline 0.002 -24"><span class='ocrx_word' id='word_1_98' title='bbox 43 2651 46 2655; x_wconf 91' lang='lat'>·</span> <span class='ocrx_word' id='word_1_99' title='bbox 62 2618 179 2688; x_wconf 81' lang='lat' dir='ltr'>inserta</span> <span class='ocrx_word' id='word_1_100' title='bbox 205 2616 315 2685; x_wconf 87' lang='lat' dir='ltr'>suerit.</span> <span class='ocrx_word' id='word_1_101' title='bbox 365 2617 464 2686; x_wconf 80' lang='lat' dir='ltr'>Adeo</span> <span class='ocrx_word' id='word_1_102' title='bbox 478 2639 577 2712; x_wconf 85' lang='lat' dir='ltr'>grave</span> <span class='ocrx_word' id='word_1_103' title='bbox 596 2615 660 2686; x_wconf 90' lang='lat' dir='ltr'>illis</span> <span class='ocrx_word' id='word_1_104' title='bbox 675 2615 737 2685; x_wconf 85' lang='lat' dir='ltr'>esse</span> <span class='ocrx_word' id='word_1_105' title='bbox 753 2617 893 2709; x_wconf 82' lang='lat' dir='ltr'>dixeris,</span> 
     </span>
     <span class='ocr_line' id='line_1_20' title="bbox 64 2713 895 2809; baseline 0.004 -23"><span class='ocrx_word' id='word_1_106' title='bbox 64 2725 165 2809; x_wconf 81' lang='lat' dir='ltr'>opem</span> <span class='ocrx_word' id='word_1_107' title='bbox 190 2716 271 2793; x_wconf 91' lang='lat' dir='ltr'>mihi</span> <span class='ocrx_word' id='word_1_108' title='bbox 295 2713 390 2783; x_wconf 86' lang='lat' dir='ltr'>serre.</span> <span class='ocrx_word' id='word_1_109' title='bbox 441 2714 595 2804; x_wconf 74' lang='lat' dir='ltr'>Experto</span> <span class='ocrx_word' id='word_1_110' title='bbox 618 2734 727 2784; x_wconf 85' lang='lat' dir='ltr'>autem</span> <span class='ocrx_word' id='word_1_111' title='bbox 743 2720 895 2805; x_wconf 81' lang='lat' dir='ltr'>proxime</span> 
     </span>
    </p>
   </div>
   <div class='ocr_carea' id='block_1_6' title="bbox 66 2812 903 3175">
    <p class='ocr_par' dir='ltr' id='par_1_6' title="bbox 66 2812 903 3175">
     <span class='ocr_line' id='line_1_21' title="bbox 66 2812 899 2908; baseline 0.004 -24"><span class='ocrx_word' id='word_1_112' title='bbox 66 2815 202 2887; x_wconf 83' lang='lat' dir='ltr'>subfidia</span> <span class='ocrx_word' id='word_1_113' title='bbox 226 2835 267 2882; x_wconf 77' lang='lat' dir='ltr'>en</span> <span class='ocrx_word' id='word_1_114' title='bbox 286 2812 426 2907; x_wconf 80' lang='lat' dir='ltr'>Anglia,</span> <span class='ocrx_word' id='word_1_115' title='bbox 454 2814 540 2882; x_wconf 81' lang='lat' dir='ltr'>unde</span> <span class='ocrx_word' id='word_1_116' title='bbox 557 2815 681 2882; x_wconf 86' lang='lat' dir='ltr'>amicus</span> <span class='ocrx_word' id='word_1_117' title='bbox 698 2815 777 2882; x_wconf 90' lang='lat' dir='ltr'>mihi</span> <span class='ocrx_word' id='word_1_118' title='bbox 793 2813 899 2908; x_wconf 76' lang='lat' dir='ltr'>scrip.</span> 
     </span>
     <span class='ocr_line' id='line_1_22' title="bbox 66 2908 896 3003; baseline 0.004 -21"><span class='ocrx_word' id='word_1_119' title='bbox 66 2913 284 3003; x_wconf 53' lang='lat' dir='ltr'>sin-‚reperiri</span> <span class='ocrx_word' id='word_1_120' title='bbox 310 2914 394 2990; x_wconf 83' lang='lat' dir='ltr'>inter</span> <span class='ocrx_word' id='word_1_121' title='bbox 417 2912 548 2983; x_wconf 75' lang='lat' dir='ltr'>archiva</span> <span class='ocrx_word' id='word_1_122' title='bbox 568 2908 788 3002; x_wconf 82' lang='lat' dir='ltr'>Episcopatus</span> <span class='ocrx_word' id='word_1_123' title='bbox 806 2913 896 2985; x_wconf 86' lang='lat' dir='ltr'>Can·</span> 
     </span>
     <span class='ocr_line' id='line_1_23' title="bbox 70 3008 898 3113; baseline -0.005 -35"><span class='ocrx_word' id='word_1_124' title='bbox 70 3009 233 3113; x_wconf 69' lang='lat' dir='ltr'>[turiensi</span> <span class='ocrx_word' id='word_1_125' title='bbox 266 3009 410 3080; x_wconf 86' lang='lat' dir='ltr'>chartam</span> <span class='ocrx_word' id='word_1_126' title='bbox 442 3008 602 3094; x_wconf 82' lang='lat' dir='ltr'>linteam,</span> <span class='ocrx_word' id='word_1_127' title='bbox 649 3031 722 3100; x_wconf 65' lang='lat' dir='ltr'>quae</span> <span class='ocrx_word' id='word_1_128' title='bbox 754 3009 823 3082; x_wconf 85' lang='lat' dir='ltr'>fere</span> <span class='ocrx_word' id='word_1_129' title='bbox 854 3009 898 3081; x_wconf 76' lang='lat' dir='ltr'>ad</span> 
     </span>
     <span class='ocr_line' id='line_1_24' title="bbox 76 3112 903 3175; baseline -0.017 14"><span class='ocrx_word' id='word_1_130' title='bbox 76 3112 165 3167; x_wconf 51' lang='grc' dir='ltr'>Ἠ</span> <span class='ocrx_word' id='word_1_131' title='bbox 870 3127 903 3175; x_wconf 82' lang='lat' dir='ltr'>a.</span> 
     </span>
    </p>
   </div>
   <div class='ocr_carea' id='block_1_7' title="bbox 0 0 1045 3578">
    <p class='ocr_par' dir='ltr' id='par_1_7' title="bbox 0 0 1045 3578">
     <span class='ocr_line' id='line_1_25' title="bbox 0 0 1045 3578; baseline 0 0"><span class='ocrx_word' id='word_1_132' title='bbox 0 0 1045 3578; x_wconf 95' lang='lat' dir='ltr'> </span> 
     </span>
    </p>
   </div>
  </div>
 </body>
</html>
