<?xml version="1.0" encoding="UTF-8"?>
<!DOCTYPE html PUBLIC "-//W3C//DTD XHTML 1.0 Transitional//EN"
    "http://www.w3.org/TR/xhtml1/DTD/xhtml1-transitional.dtd">
<html xmlns="http://www.w3.org/1999/xhtml" xml:lang="en" lang="en">
 <head>
  <title>
</title>
<meta http-equiv="Content-Type" content="text/html;charset=utf-8" />
  <meta name='ocr-system' content='tesseract 3.04.00' />
  <meta name='ocr-capabilities' content='ocr_page ocr_carea ocr_par ocr_line ocrx_word'/>
</head>
<body>
  <div class='ocr_page' id='page_1' title='image "./gerardimeermane00meergoog_0227.png"; bbox 0 0 2018 3578; ppageno 0'>
   <div class='ocr_carea' id='block_1_1' title="bbox 144 140 1006 327">
    <p class='ocr_par' dir='ltr' id='par_1_1' title="bbox 144 140 1006 327">
     <span class='ocr_line' id='line_1_1' title="bbox 144 140 1006 245; baseline 0.01 -24"><span class='ocrx_word' id='word_1_1' title='bbox 144 152 224 222; x_wconf 67' lang='lat' dir='ltr'>&#39;edu</span> <span class='ocrx_word' id='word_1_2' title='bbox 283 140 873 231; x_wconf 63' lang='lat' dir='ltr'>&#39;Ouiuuvu&#39;mto&#39;ttst</span> <span class='ocrx_word' id='word_1_3' title='bbox 1004 232 1006 245; x_wconf 74' lang='grc'>,</span> 
     </span>
     <span class='ocr_line' id='line_1_2' title="bbox 1004 280 1006 327; baseline 0 0"><span class='ocrx_word' id='word_1_4' title='bbox 1004 280 1006 327; x_wconf 84' lang='grc' dir='ltr'>ι</span> 
     </span>
    </p>
   </div>
   <div class='ocr_carea' id='block_1_2' title="bbox 101 324 964 2862">
    <p class='ocr_par' dir='ltr' id='par_1_2' title="bbox 145 324 961 611">
     <span class='ocr_line' id='line_1_3' title="bbox 147 324 960 420; baseline 0.01 -21"><span class='ocrx_word' id='word_1_5' title='bbox 147 331 197 399; x_wconf 81' lang='lat' dir='ltr'>vis</span> <span class='ocrx_word' id='word_1_6' title='bbox 218 327 288 396; x_wconf 85' lang='lat' dir='ltr'>aliis</span> <span class='ocrx_word' id='word_1_7' title='bbox 312 324 398 394; x_wconf 86' lang='lat' dir='ltr'>illius</span> <span class='ocrx_word' id='word_1_8' title='bbox 420 327 480 394; x_wconf 83' lang='lat' dir='ltr'>aevi</span> <span class='ocrx_word' id='word_1_9' title='bbox 504 325 619 395; x_wconf 81' lang='lat' dir='ltr'>litteris</span> <span class='ocrx_word' id='word_1_10' title='bbox 643 349 752 420; x_wconf 85' lang='lat' dir='ltr'>atque</span> <span class='ocrx_word' id='word_1_11' title='bbox 776 334 960 406; x_wconf 65' lang='lat' dir='ltr'>documenti!</span> 
     </span>
     <span class='ocr_line' id='line_1_4' title="bbox 146 424 961 530; baseline 0.016 -37"><span class='ocrx_word' id='word_1_12' title='bbox 146 424 316 517; x_wconf 70' lang='lat' dir='ltr'>posuerat,</span> <span class='ocrx_word' id='word_1_13' title='bbox 341 424 477 517; x_wconf 83' lang='lat' dir='ltr'>dignum</span> <span class='ocrx_word' id='word_1_14' title='bbox 498 429 556 494; x_wconf 87' lang='lat' dir='ltr'>viri</span> <span class='ocrx_word' id='word_1_15' title='bbox 570 424 730 515; x_wconf 80' lang='lat' dir='ltr'>scriptum</span> <span class='ocrx_word' id='word_1_16' title='bbox 740 433 961 530; x_wconf 82' lang='lat' dir='ltr'>censuitRegiu</span> 
     </span>
     <span class='ocr_line' id='line_1_5' title="bbox 145 525 916 611; baseline 0.01 -19"><span class='ocrx_word' id='word_1_17' title='bbox 145 526 315 605; x_wconf 80' lang='lat' dir='ltr'>Societas,</span> <span class='ocrx_word' id='word_1_18' title='bbox 340 525 395 591; x_wconf 85' lang='lat' dir='ltr'>cui</span> <span class='ocrx_word' id='word_1_19' title='bbox 412 528 579 611; x_wconf 86' lang='lat' dir='ltr'>ptaemium</span> <span class='ocrx_word' id='word_1_20' title='bbox 600 527 779 599; x_wconf 82' lang='lat' dir='ltr'>tribueret.</span> <span class='ocrx_word' id='word_1_21' title='bbox 912 590 916 598; x_wconf 90' lang='lat'>.</span> 
     </span>
    </p>

    <p class='ocr_par' dir='ltr' id='par_1_3' title="bbox 115 620 964 1992">
     <span class='ocr_line' id='line_1_6' title="bbox 192 620 960 718; baseline 0.01 -27"><span class='ocrx_word' id='word_1_22' title='bbox 192 620 373 712; x_wconf 82' lang='lat' dir='ltr'>Utriusque</span> <span class='ocrx_word' id='word_1_23' title='bbox 400 641 480 690; x_wconf 88' lang='lat' dir='ltr'>vero</span> <span class='ocrx_word' id='word_1_24' title='bbox 504 623 714 711; x_wconf 83' lang='lat' dir='ltr'>diplomatis,</span> <span class='ocrx_word' id='word_1_25' title='bbox 742 627 891 718; x_wconf 85' lang='lat' dir='ltr'>superius</span> <span class='ocrx_word' id='word_1_26' title='bbox 908 653 960 701; x_wconf 84' lang='lat' dir='ltr'>ne·</span> 
     </span>
     <span class='ocr_line' id='line_1_7' title="bbox 142 720 960 804; baseline 0.01 -12"><span class='ocrx_word' id='word_1_27' title='bbox 142 723 288 804; x_wconf 85' lang='lat' dir='ltr'>morati,</span> <span class='ocrx_word' id='word_1_28' title='bbox 322 720 472 789; x_wconf 83' lang='lat' dir='ltr'>notitiam</span> <span class='ocrx_word' id='word_1_29' title='bbox 498 720 660 791; x_wconf 85' lang='lat' dir='ltr'>debemus</span> <span class='ocrx_word' id='word_1_30' title='bbox 685 723 960 801; x_wconf 82' lang='lat' dir='ltr'>Brunsvicenfium</span> 
     </span>
     <span class='ocr_line' id='line_1_8' title="bbox 140 817 960 917; baseline 0.01 -27"><span class='ocrx_word' id='word_1_31' title='bbox 140 820 285 902; x_wconf 84' lang='lat' dir='ltr'>schedis,</span> <span class='ocrx_word' id='word_1_32' title='bbox 310 817 368 886; x_wconf 90' lang='lat' dir='ltr'>sub</span> <span class='ocrx_word' id='word_1_33' title='bbox 384 817 569 886; x_wconf 77' lang='lat' dir='ltr'>indiciorum</span> <span class='ocrx_word' id='word_1_34' title='bbox 584 825 740 900; x_wconf 79' lang='lat' dir='ltr'>nomine,</span> <span class='ocrx_word' id='word_1_35' title='bbox 773 827 830 917; x_wconf 81' lang='lat' dir='ltr'>(y)</span> <span class='ocrx_word' id='word_1_36' title='bbox 846 849 960 898; x_wconf 82' lang='lat' dir='ltr'>exeun·</span> 
     </span>
     <span class='ocr_line' id='line_1_9' title="bbox 138 913 964 1015; baseline 0.011 -29"><span class='ocrx_word' id='word_1_37' title='bbox 138 917 309 987; x_wconf 85' lang='lat' dir='ltr'>suetudine</span> <span class='ocrx_word' id='word_1_38' title='bbox 330 913 464 986; x_wconf 83' lang='lat' dir='ltr'>aliarum</span> <span class='ocrx_word' id='word_1_39' title='bbox 480 919 669 1003; x_wconf 82' lang='lat' dir='ltr'>civitatum,</span> <span class='ocrx_word' id='word_1_40' title='bbox 694 919 964 1015; x_wconf 64' lang='lat' dir='ltr'>singuliuhebdo«</span> 
     </span>
     <span class='ocr_line' id='line_1_10' title="bbox 121 1013 960 1110; baseline 0.017 -28"><span class='ocrx_word' id='word_1_41' title='bbox 121 1018 313 1098; x_wconf 73' lang='lat' dir='ltr'>madibus,</span> <span class='ocrx_word' id='word_1_42' title='bbox 345 1013 430 1082; x_wconf 87' lang='lat' dir='ltr'>binis</span> <span class='ocrx_word' id='word_1_43' title='bbox 454 1016 579 1085; x_wconf 85' lang='lat' dir='ltr'>vicibus</span> <span class='ocrx_word' id='word_1_44' title='bbox 601 1019 881 1109; x_wconf 81' lang='lat' dir='ltr'>prodeuntibus,</span> <span class='ocrx_word' id='word_1_45' title='bbox 911 1023 960 1110; x_wconf 72' lang='lat' dir='ltr'>&amp;i</span> 
     </span>
     <span class='ocr_line' id='line_1_11' title="bbox 133 1112 957 1208; baseline 0.017 -28"><span class='ocrx_word' id='word_1_46' title='bbox 133 1132 252 1202; x_wconf 85' lang='lat' dir='ltr'>ptaetet</span> <span class='ocrx_word' id='word_1_47' title='bbox 274 1112 381 1204; x_wconf 85' lang='lat' dir='ltr'>capita</span> <span class='ocrx_word' id='word_1_48' title='bbox 403 1114 488 1181; x_wconf 87' lang='lat' dir='ltr'>bene</span> <span class='ocrx_word' id='word_1_49' title='bbox 504 1113 623 1197; x_wconf 86' lang='lat' dir='ltr'>muita,</span> <span class='ocrx_word' id='word_1_50' title='bbox 650 1123 803 1208; x_wconf 84' lang='lat' dir='ltr'>negotiis</span> <span class='ocrx_word' id='word_1_51' title='bbox 819 1124 957 1193; x_wconf 71' lang='lat' dir='ltr'>civilibus</span> 
     </span>
     <span class='ocr_line' id='line_1_12' title="bbox 122 1211 952 1302; baseline 0.014 -23"><span class='ocrx_word' id='word_1_52' title='bbox 122 1211 411 1302; x_wconf 80' lang='lat' dir='ltr'>&#39;popularibusque</span> <span class='ocrx_word' id='word_1_53' title='bbox 427 1211 552 1295; x_wconf 74' lang='lat' dir='ltr'>dicata,</span> <span class='ocrx_word' id='word_1_54' title='bbox 576 1214 676 1283; x_wconf 80' lang='lat' dir='ltr'>etiam</span> <span class='ocrx_word' id='word_1_55' title='bbox 694 1217 952 1292; x_wconf 83' lang='lat' dir='ltr'>observationem</span> 
     </span>
     <span class='ocr_line' id='line_1_13' title="bbox 122 1308 950 1402; baseline 0.016 -23"><span class='ocrx_word' id='word_1_56' title='bbox 122 1326 226 1380; x_wconf 86' lang='lat' dir='ltr'>unam</span> <span class='ocrx_word' id='word_1_57' title='bbox 245 1332 342 1402; x_wconf 86' lang='lat' dir='ltr'>atque</span> <span class='ocrx_word' id='word_1_58' title='bbox 360 1308 494 1378; x_wconf 81' lang='lat' dir='ltr'>alteram</span> <span class='ocrx_word' id='word_1_59' title='bbox 511 1311 692 1397; x_wconf 83' lang='lat' dir='ltr'>eruditum,</span> <span class='ocrx_word' id='word_1_60' title='bbox 710 1319 950 1402; x_wconf 75' lang='lat' dir='ltr'>moxafrontet</span> 
     </span>
     <span class='ocr_line' id='line_1_14' title="bbox 125 1405 950 1503; baseline 0.01 -25"><span class='ocrx_word' id='word_1_61' title='bbox 125 1408 433 1500; x_wconf 71' lang='lat' dir='ltr'>commedentibus.</span> <span class='ocrx_word' id='word_1_62' title='bbox 506 1405 640 1477; x_wconf 87' lang='lat' dir='ltr'>Etenim</span> <span class='ocrx_word' id='word_1_63' title='bbox 691 1416 892 1503; x_wconf 78' lang='lat' dir='ltr'>quaestionet&#39;·</span> <span class='ocrx_word' id='word_1_64' title='bbox 919 1418 950 1487; x_wconf 85' lang='lat' dir='ltr'>dt</span> 
     </span>
     <span class='ocr_line' id='line_1_15' title="bbox 116 1506 949 1602; baseline 0.012 -26"><span class='ocrx_word' id='word_1_65' title='bbox 116 1510 243 1578; x_wconf 68' lang='lat' dir='ltr'>‘churtae</span> <span class='ocrx_word' id='word_1_66' title='bbox 261 1509 334 1578; x_wconf 88' lang='lat' dir='ltr'>linae</span> <span class='ocrx_word' id='word_1_67' title='bbox 350 1506 553 1597; x_wconf 81' lang='lat' dir='ltr'>originibus,</span> <span class='ocrx_word' id='word_1_68' title='bbox 578 1511 609 1576; x_wconf 89' lang='lat' dir='ltr'>in</span> <span class='ocrx_word' id='word_1_69' title='bbox 626 1511 765 1586; x_wconf 76' lang='lat' dir='ltr'>iisdem.</span> <span class='ocrx_word' id='word_1_70' title='bbox 795 1535 863 1602; x_wconf 89' lang='lat' dir='ltr'>pro</span> <span class='ocrx_word' id='word_1_71' title='bbox 878 1517 949 1588; x_wconf 86' lang='lat' dir='ltr'>insti·</span> 
     </span>
     <span class='ocr_line' id='line_1_16' title="bbox 121 1600 948 1706; baseline 0.01 -32"><span class='ocrx_word' id='word_1_72' title='bbox 121 1622 214 1690; x_wconf 85' lang='lat' dir='ltr'>tuto,</span> <span class='ocrx_word' id='word_1_73' title='bbox 240 1607 384 1698; x_wconf 66' lang='lat' dir='ltr'>adjedim</span> <span class='ocrx_word' id='word_1_74' title='bbox 411 1600 639 1695; x_wconf 80' lang='lat' dir='ltr'>&amp;deinceps‚</span> <span class='ocrx_word' id='word_1_75' title='bbox 663 1612 840 1683; x_wconf 83' lang='lat' dir='ltr'>nonnuliis</span> <span class='ocrx_word' id='word_1_76' title='bbox 852 1615 948 1706; x_wconf 82' lang='lat' dir='ltr'>jamin</span> 
     </span>
     <span class='ocr_line' id='line_1_17' title="bbox 119 1701 947 1803; baseline 0.006 -30"><span class='ocrx_word' id='word_1_77' title='bbox 119 1702 360 1792; x_wconf 85' lang='lat' dir='ltr'>responfionem</span> <span class='ocrx_word' id='word_1_78' title='bbox 383 1703 460 1770; x_wconf 85' lang='lat' dir='ltr'>scite</span> <span class='ocrx_word' id='word_1_79' title='bbox 484 1701 609 1787; x_wconf 79' lang='lat' dir='ltr'>allatis,</span> <span class='ocrx_word' id='word_1_80' title='bbox 644 1707 770 1776; x_wconf 81' lang='lat' dir='ltr'>rursum</span> <span class='ocrx_word' id='word_1_81' title='bbox 798 1719 947 1803; x_wconf 84' lang='lat' dir='ltr'>repetitut</span> 
     </span>
     <span class='ocr_line' id='line_1_18' title="bbox 116 1797 945 1902; baseline 0.014 -36"><span class='ocrx_word' id='word_1_82' title='bbox 116 1802 257 1891; x_wconf 82' lang='lat' dir='ltr'>primum</span> <span class='ocrx_word' id='word_1_83' title='bbox 281 1802 516 1870; x_wconf 83' lang='lat' dir='ltr'>documentum</span> <span class='ocrx_word' id='word_1_84' title='bbox 534 1797 816 1893; x_wconf 75' lang='lat' dir='ltr'>Helnstadiense,</span> <span class='ocrx_word' id='word_1_85' title='bbox 842 1811 945 1902; x_wconf 76' lang='lat' dir='ltr'>pauido</span> 
     </span>
     <span class='ocr_line' id='line_1_19' title="bbox 115 1896 822 1992; baseline 0.014 -26"><span class='ocrx_word' id='word_1_86' title='bbox 115 1896 189 1990; x_wconf 88' lang='lat' dir='ltr'>post</span> <span class='ocrx_word' id='word_1_87' title='bbox 204 1896 514 1992; x_wconf 85' lang='lat' dir='ltr'>Quedlinbutgense</span> <span class='ocrx_word' id='word_1_88' title='bbox 530 1902 726 1987; x_wconf 74' lang='lat' dir='ltr'>produstum</span> <span class='ocrx_word' id='word_1_89' title='bbox 746 1903 822 1976; x_wconf 86' lang='lat' dir='ltr'>fuit.</span> 
     </span>
    </p>

    <p class='ocr_par' dir='ltr' id='par_1_4' title="bbox 101 1990 943 2780">
     <span class='ocr_line' id='line_1_20' title="bbox 161 1990 943 2086; baseline 0.017 -20"><span class='ocrx_word' id='word_1_90' title='bbox 161 1990 248 2067; x_wconf 82' lang='lat' dir='ltr'>Illud</span> <span class='ocrx_word' id='word_1_91' title='bbox 273 1993 432 2067; x_wconf 83' lang='lat' dir='ltr'>sacerdoti</span> <span class='ocrx_word' id='word_1_92' title='bbox 453 1991 663 2086; x_wconf 69' lang='lat' dir='ltr'>helmstadinu</span> <span class='ocrx_word' id='word_1_93' title='bbox 681 2004 713 2069; x_wconf 89' lang='lat' dir='ltr'>in</span> <span class='ocrx_word' id='word_1_94' title='bbox 724 2003 943 2079; x_wconf 86' lang='lat' dir='ltr'>testimonium</span> 
     </span>
     <span class='ocr_line' id='line_1_21' title="bbox 110 2092 942 2191; baseline 0.01 -27"><span class='ocrx_word' id='word_1_95' title='bbox 110 2099 191 2165; x_wconf 89' lang='lat' dir='ltr'>emti</span> <span class='ocrx_word' id='word_1_96' title='bbox 216 2097 257 2167; x_wconf 83' lang='lat' dir='ltr'>ab</span> <span class='ocrx_word' id='word_1_97' title='bbox 281 2094 352 2187; x_wconf 88' lang='lat' dir='ltr'>ipso</span> <span class='ocrx_word' id='word_1_98' title='bbox 377 2092 504 2182; x_wconf 84' lang='lat' dir='ltr'>aliquot</span> <span class='ocrx_word' id='word_1_99' title='bbox 518 2093 670 2186; x_wconf 84' lang='lat' dir='ltr'>jugerum</span> <span class='ocrx_word' id='word_1_100' title='bbox 687 2093 780 2191; x_wconf 67' lang='lat' dir='ltr'>egri,</span> <span class='ocrx_word' id='word_1_101' title='bbox 807 2105 942 2175; x_wconf 85' lang='lat' dir='ltr'>anobili</span> 
     </span>
     <span class='ocr_line' id='line_1_22' title="bbox 110 2189 940 2286; baseline 0.014 -24"><span class='ocrx_word' id='word_1_102' title='bbox 110 2194 151 2262; x_wconf 88' lang='lat' dir='ltr'>de</span> <span class='ocrx_word' id='word_1_103' title='bbox 178 2195 385 2278; x_wconf 85' lang='lat' dir='ltr'>Wederten‚</span> <span class='ocrx_word' id='word_1_104' title='bbox 417 2189 451 2262; x_wconf 76' lang='lat' dir='ltr'>dt</span> <span class='ocrx_word' id='word_1_105' title='bbox 477 2193 661 2284; x_wconf 81' lang='lat' dir='ltr'>magistratu</span> <span class='ocrx_word' id='word_1_106' title='bbox 686 2197 940 2286; x_wconf 59' lang='lat' dir='ltr'>cannerdenfi,</span> 
     </span>
     <span class='ocr_line' id='line_1_23' title="bbox 108 2291 938 2386; baseline 0.013 -27"><span class='ocrx_word' id='word_1_107' title='bbox 108 2293 262 2361; x_wconf 81' lang='lat' dir='ltr'>traditum</span> <span class='ocrx_word' id='word_1_108' title='bbox 288 2292 368 2375; x_wconf 67' lang='lat' dir='ltr'>fuit3</span> <span class='ocrx_word' id='word_1_109' title='bbox 395 2291 538 2378; x_wconf 87' lang='lat' dir='ltr'>hincque</span> <span class='ocrx_word' id='word_1_110' title='bbox 563 2292 686 2381; x_wconf 88' lang='lat' dir='ltr'>duplici</span> <span class='ocrx_word' id='word_1_111' title='bbox 713 2296 823 2386; x_wconf 85' lang='lat' dir='ltr'>figillo</span> <span class='ocrx_word' id='word_1_112' title='bbox 841 2305 938 2372; x_wconf 88' lang='lat' dir='ltr'>muni·</span> 
     </span>
     <span class='ocr_line' id='line_1_24' title="bbox 106 2386 938 2490; baseline 0.018 -33"><span class='ocrx_word' id='word_1_113' title='bbox 106 2405 186 2461; x_wconf 90' lang='lat' dir='ltr'>tum.</span> <span class='ocrx_word' id='word_1_114' title='bbox 238 2389 305 2460; x_wconf 85' lang='lat' dir='ltr'>Sed</span> <span class='ocrx_word' id='word_1_115' title='bbox 325 2390 482 2480; x_wconf 82' lang='lat' dir='ltr'>prouidus</span> <span class='ocrx_word' id='word_1_116' title='bbox 501 2386 604 2460; x_wconf 90' lang='lat' dir='ltr'>homo</span> <span class='ocrx_word' id='word_1_117' title='bbox 620 2390 661 2459; x_wconf 93' lang='lat' dir='ltr'>de</span> <span class='ocrx_word' id='word_1_118' title='bbox 679 2400 825 2467; x_wconf 82' lang='lat' dir='ltr'>materiae</span> <span class='ocrx_word' id='word_1_119' title='bbox 843 2423 938 2490; x_wconf 76' lang='lat' dir='ltr'>papy-</span> 
     </span>
     <span class='ocr_line' id='line_1_25' title="bbox 105 2482 936 2588; baseline 0.011 -34"><span class='ocrx_word' id='word_1_120' title='bbox 105 2503 209 2558; x_wconf 80' lang='lat' dir='ltr'>ruce‘ae</span> <span class='ocrx_word' id='word_1_121' title='bbox 241 2492 397 2559; x_wconf 80' lang='lat' dir='ltr'>tenuitate</span> <span class='ocrx_word' id='word_1_122' title='bbox 423 2482 559 2553; x_wconf 82' lang='lat' dir='ltr'>timuiffe</span> <span class='ocrx_word' id='word_1_123' title='bbox 589 2490 743 2568; x_wconf 73' lang='lat' dir='ltr'>videtur,</span> <span class='ocrx_word' id='word_1_124' title='bbox 781 2493 817 2567; x_wconf 78' lang='grc' dir='ltr'>δι</span> <span class='ocrx_word' id='word_1_125' title='bbox 840 2520 936 2588; x_wconf 51' lang='lat' dir='ltr'>propt</span> 
     </span>
     <span class='ocr_line' id='line_1_26' title="bbox 106 2579 934 2682; baseline 0.023 -34"><span class='ocrx_word' id='word_1_126' title='bbox 106 2602 192 2653; x_wconf 84' lang='lat' dir='ltr'>terea</span> <span class='ocrx_word' id='word_1_127' title='bbox 218 2609 237 2655; x_wconf 84' lang='lat' dir='ltr'>a</span> <span class='ocrx_word' id='word_1_128' title='bbox 263 2588 447 2682; x_wconf 81' lang='lat' dir='ltr'>magistratu</span> <span class='ocrx_word' id='word_1_129' title='bbox 471 2579 716 2656; x_wconf 79' lang='lat' dir='ltr'>Helmstadienst</span> <span class='ocrx_word' id='word_1_130' title='bbox 741 2591 833 2662; x_wconf 82' lang='lat' dir='ltr'>aliud</span> <span class='ocrx_word' id='word_1_131' title='bbox 850 2599 934 2666; x_wconf 84' lang='lat' dir='ltr'>docu</span> 
     </span>
     <span class='ocr_line' id='line_1_27' title="bbox 101 2683 931 2780; baseline 0.02 -33"><span class='ocrx_word' id='word_1_132' title='bbox 101 2698 246 2753; x_wconf 86' lang='lat' dir='ltr'>mentum</span> <span class='ocrx_word' id='word_1_133' title='bbox 281 2687 566 2768; x_wconf 78' lang='lat' dir='ltr'>membranaceum</span> <span class='ocrx_word' id='word_1_134' title='bbox 597 2683 807 2780; x_wconf 83' lang='lat' dir='ltr'>efflagitass&#39;e,</span> <span class='ocrx_word' id='word_1_135' title='bbox 854 2696 931 2763; x_wconf 89' lang='lat' dir='ltr'>duo·</span> 
     </span>
    </p>

    <p class='ocr_par' dir='ltr' id='par_1_5' title="bbox 877 2794 932 2862">
     <span class='ocr_line' id='line_1_28' title="bbox 877 2794 932 2862; baseline -0.036 0"><span class='ocrx_word' id='word_1_136' title='bbox 877 2794 932 2862; x_wconf 76' lang='lat' dir='ltr'>but</span> 
     </span>
    </p>
   </div>
   <div class='ocr_carea' id='block_1_3' title="bbox 139 2962 887 3062">
    <p class='ocr_par' dir='ltr' id='par_1_6' title="bbox 139 2962 887 3062">
     <span class='ocr_line' id='line_1_29' title="bbox 139 2962 887 3062; baseline 0.015 -27"><span class='ocrx_word' id='word_1_137' title='bbox 139 2972 189 3058; x_wconf 74' lang='lat' dir='ltr'>(y)</span> <span class='ocrx_word' id='word_1_138' title='bbox 212 2962 516 3060; x_wconf 72' lang='lat' dir='ltr'>Bruuuscbweigische</span> <span class='ocrx_word' id='word_1_139' title='bbox 529 2975 707 3061; x_wconf 80' lang='lat' dir='ltr'>Anzeigttn,</span> <span class='ocrx_word' id='word_1_140' title='bbox 734 2994 835 3061; x_wconf 78' lang='lat'>1745,</span> <span class='ocrx_word' id='word_1_141' title='bbox 854 3002 887 3062; x_wconf 88' lang='lat'>4.</span> 
     </span>
    </p>
   </div>
   <div class='ocr_carea' id='block_1_4' title="bbox 0 0 1014 3578">
    <p class='ocr_par' dir='ltr' id='par_1_7' title="bbox 0 0 1014 3578">
     <span class='ocr_line' id='line_1_30' title="bbox 0 0 1014 3578; baseline 0 15"><span class='ocrx_word' id='word_1_142' title='bbox 0 0 1014 3578; x_wconf 95' lang='lat' dir='ltr'> </span> 
     </span>
    </p>
   </div>
  </div>
 </body>
</html>
