2018 3578
112 176 164 251 66
250 173 836 245 oasaavattonas

119 374 235 446 menta
252 353 372 423 chartae
388 349 536 444 ejusdem
552 350 715 433 materiae,
733 350 957 434 achodierna',

119 475 254 527 exarata
273 454 315 522 ab
336 472 426 524 anno
440 448 570 521 Natalis
584 448 705 519 Christi
726 451 833 540 1298.
860 473 959 540 usque

119 554 167 626 ad
189 569 293 642 1340.
314 571 412 640 atque
430 549 512 618 mini
528 547 715 645 affirmavit,
737 570 856 620 omnes
871 554 959 620 char·

112 662 180 727 tas.
208 648 375 742 ejusmodi
401 647 495 734 effe,
529 647 591 717 hac
625 645 730 716 solum
763 646 961 730 differentia,

121 749 219 840 ‚quod
236 749 420 840 aliquarum
435 768 579 838 papyrus
596 744 721 815 firmior
736 745 802 831 est,
821 769 860 817 ac
879 747 963 837 poli·

124 852 211 933 tior,
237 847 375 918 aliatum
396 843 534 929 fluxior,
559 865 600 914 ac
621 845 729 914 minus
747 844 840 916 tersa.
891 843 962 917 Hu-

121 947 256 1035 miditas
280 964 371 1016 certe
389 942 529 1013 multum
546 955 649 1014 nocet
665 944 781 1034 papyri
798 937 961 1025 firmitati,

39 1055 43 1062 ’
120 1045 324 1134 annaque,
355 1042 447 1133 quod
468 1045 503 1122 jn
529 1040 661 1112 Saetabo
686 1042 844 1132 exemplo
866 1042 961 1115 facile

120 1141 327 1223 pbservabis.
379 1136 417 1210 In
448 1140 609 1231 exemplis
639 1159 779 1226 autem,
818 1163 894 1232 quae
922 1141 962 1213 ad

43 1276 67 1295 a
119 1238 177 1319 ‚Te
203 1242 321 1324 mitto,
344 1239 605 1324 animadverteS‚
630 1240 775 1309 chartam
800 1239 960 1313 Saetabam

110 1334 269 1423 ¹habuiffe
300 1341 468 1409 materiam
499 1338 620 1408 lineam
645 1340 750 1431 magis
775 1343 960 1410 comminu-

120 1457 210 1526 tam,
238 1438 384 1528 ideoque
404 1435 522 1509 melius
539 1435 812 1531 conglutinatam.
855 1439 960 1530 Spero

121 1536 195 1621 Te,
218 1537 313 1630 quod
329 1557 422 1608 tuum
438 1538 608 1632 ingenium
627 1535 692 1621 est,
709 1536 819 1627 aliqua
835 1538 960 1629 expeti·

120 1641 235 1709 menta
247 1636 420 1708 facturum.

120 1784 126 1805 .
174 1732 277 1807 Nunc
306 1733 374 1826 jam
406 1736 541 1807 minime
570 1735 761 1817 mirabere,
800 1734 894 1827 quod
917 1738 960 1807 ait

118 1833 312 1924 Stephanus
334 1832 494 1908 Terreros
510 1829 546 1907 &
564 1831 701 1918 Fando,
729 1834 795 1904 five
811 1834 959 1907 Andreas

117 1929 263 2016 Marcus
287 1929 445 2014 Burriel‚
479 1933 512 2002 in
537 1929 778 2023 Palaeographia
797 1933 959 2026 Hispana,

118 2048 195 2126 pag.
212 2047 281 2123 ἔ75.
316 2027 349 2099 se
373 2028 483 2101 vidiffe
507 2029 636 2103 Forum
658 2028 838 2121 judicum,
870 2029 959 2124 quod

26 2126 29 2131 ’
120 2129 182 2212 tihi
204 2131 333 2201 videtur
350 2127 506 2220 scriptum
522 2148 673 2220 tempore
689 2128 819 2202 Alfonfi
835 2129 960 2221 sapien-

122 2230 185 2316 tis,
211 2228 304 2321 cujus
323 2249 485 2320 papyrum
503 2249 624 2311 vacat,
649 2226 796 2312 firmant,
824 2226 959 2320 &poli-

121 2343 191 2420 tam
207 2349 217 2396 t
232 2398 235 2403 ,
249 2348 334 2396 nam
366 2347 443 2399 cutn
472 2328 561 2398 idem
587 2324 725 2410 afferat,
767 2349 959 2418 permanere

121 2416 276 2518 epistolas
298 2424 461 2516 Alphonfi
486 2448 520 2498 xa
553 2421 699 2512 (scilicet
713 2424 889 2516 sapientis)
904 2448 958 2517 pa·

120 2544 303 2615 pyraceasa
328 2526 403 2616 quis
428 2523 629 2619 negabiteo
651 2543 804 2615 tempore
820 2525 959 2615 scriptos

120 2624 226 2706 etiam,
246 2624 356 2700 libros
385 2625 418 2695 in
448 2622 579 2695 eadem..
592 2622 759 2693 materia?
794 2621 958 2697 Dubitare

120 2721 243 2803 nidera
265 2726 301 2793 in
326 2743 385 2793 tuo
407 2741 674 2816 programmate,
701 2722 783 2812 quid
799 2721 958 2817 fignificat

121 2818 245 2898 ahana,
255 2821 393 2891 brunida
409 2821 430 2892 2
462 2818 631 2892 Nimirum
646 2819 755 2902 idem,
779 2843 819 2891 ac
835 2820 959 2912 polita,

121 2911 159 2999 ἃ
178 2919 293 2991 nitida.
342 2914 658 3012 Quam-polituram
677 2921 893 3011 nitoremque
906 2940 958 2992 tc,-

119 3015 235 3112 cipete
252 3030 391 3117 patent
400 3068 420 3113 ,
437 3031 491 3093 ..ut
506 3039 597 3093 nunc
612 3069 625 3111 ‚
640 3058 644 3087 ι
657 3017 715 3109 vel
725 3041 752 3092 a
764 3019 857 3092 buxo
872 3017 959 3093 laev'a

119 3170 142 3201 ·.
166 3134 225 3197 a:
537 3124 566 3187 :a
859 3136 955 3214 gato,
