2018 3578
138 139 866 233 2140asnavrarours

136 318 283 406 starent,
317 317 400 389 iliud
431 318 472 387 ab
498 315 739 390 litteratiffimo
767 326 841 392 viro
861 326 962 393 annua·

137 439 208 492 turn
236 418 325 488 fuiffe
357 415 438 485 mihi
474 416 671 507 persuadeo,
728 419 831 492 Talia
863 416 960 492 vero'i

136 519 225 610 apud
250 537 381 587 exteros
406 518 550 605 reperire
569 513 686 583 datur:
713 523 962 610 quantopuiut

137 612 962 711 exbibliothecisAnglorumdomesticisexspeiie·
1003 610 1005 619 ’

137 715 236 786 mus?

186 814 426 884 Custodiuntur
456 832 639 901 praeterea,
689 814 724 882 in
760 813 898 886 laudato
924 812 964 884 illo

135 912 416 1007 Moguntinorum
435 909 577 994 musaeu,
602 909 658 977 alii
679 933 826 1003 quoque
841 913 965 1005 ejusdem

135 1014 267 1105 generis
283 1011 418 1078 codices
437 1007 556 1078 saeculo
580 1029 655 1091 utu,
683 1031 767 1080 cum
791 1016 828 1081 in
846 1013 964 1083 Germa·

133 1113 208 1186 nia,
242 1125 311 1176 tum
339 1109 371 1176 in
399 1105 507 1187 Italia,
532 1103 566 1175 ἂ
591 1104 696 1190 alibi,
737 1115 878 1181 exarati.
904 1110 965 1202 (ru)

133 1205 319 1296 Pluresque
351 1204 469 1293 procul
502 1206 605 1276 dubio
636 1201 672 1275 ἃ
704 1209 906 1280 vetustiores
927 1207 965 1277 da»

134 1307 219 1377 bunt
257 1327 307 1374 rot
344 1305 475 1392 inclyta
516 1301 707 1374 Germaniae
743 1307 963 1386 bibliotheca,

134 1426 273 1499 quarum
296 1405 439 1494 aliquae,
472 1423 581 1492 neque
606 1406 841 1494 antiquitate,
879 1423 965 1498 neque

135 1503 292 1576 codicum
316 1503 520 1592 praestantia,
560 1500 828 1574 celebratissimis
854 1501 964 1580 exiere

134 1625 207 1673 rum
240 1604 389 1673 cedunt:
424 1599 474 1683 fi,
506 1598 572 1669 hoc
605 1598 779 1683 consilio,
815 1600 965 1675 intentiori

134 1701 316 1772 scrutentur
344 1696 499 1768 sollertia.
551 1697 653 1787 Spem
681 1699 845 1788 profecto
873 1701 965 1796 proxi·

134 1821 222 1869 mam
260 1801 292 1866 in
318 1799 382 1865 iilis
408 1796 594 1883 habemus,
634 1817 709 1889 quae
735 1796 780 1866 de
809 1803 966 1874 codicibus

134 1895 349 1968 bibliothecae
390 1891 564 1984 Lipfienfis
595 1894 841 1984 Academicae‚
888 1917 966 1970 mauu

133 1996 293 2090 scriptis,
338 1991 451 2064 retulit
480 1991 667 2064 clariffimus
701 1992 843 2082 Belius,
880 1993 965 2091 (Obs.

134 2118 211 2192 pag.
239 2097 327 2182 aa),
352 2113 492 2184 quaeque
518 2092 559 2163 de
579 2091 693 2163 iisdem
712 2093 892 2168 studiosrus
909 2114 966 2190 pet·

134 2195 307 2265 lustrandis
325 2192 464 2261 suaviter
483 2191 652 2279 pollicitus
669 2189 727 2259 est.

184 2291 267 2362 Haec
305 2314 386 2359 vcro
417 2311 615 2381 quamquam
651 2287 803 2362 adhibita
842 2287 968 2362 officiosa

135 2394 319 2464 amicorum
344 2409 444 2479 opera
470 2387 552 2458 effici
570 2386 706 2479 pofflnt:
736 2387 834 2478 plura
853 2411 967 2469 tamen,

134 2509 350 2589 auguramur,
376 2506 417 2556 ex
434 2486 634 2576 improvisu,
660 2483 793 2578 aliaque
807 2489 966 2566 rimando,
1003 2510 1005 2584 r

134 2587 361 2684 detegentur,
401 2605 501 2677 quam
539 2585 561 2655 si
601 2584 643 2656 ad
674 2585 798 2656 eadem
833 2589 965 2659 maxime

641 2715 642 2720 ¹
924 2701 966 2755 ac·

178 2829 252 2909 (nn)
279 2831 380 2896 Aurea
413 2832 548 2911 legenda.
583 2851 610 2895 a.
653 2831 743 2912 1367.
801 2833 968 2917 Manipuus

137 2909 261 2977 florum.
284 2932 302 2974 a
339 2909 428 2991 1389.
449 2912 523 2996 Suu.
542 2923 615 3000 pag.
641 2915 711 2997 364.
743 2909 932 2984 Decretules⁴
948 2927 967 2972 Ἀ·

137 3011 227 3080 1394
241 3004 315 3078 pag.
333 2996 404 3073 3⁶5·
