2018 3578
156 148 221 224 Dr
248 147 375 226 Ouio.
402 145 560 230 Curat.
587 143 751 227 litarat
805 164 876 244 135

83 327 171 418 His,
195 328 333 422 publico
359 327 533 405 societatis
551 328 716 420 conseffu,
741 327 875 403 uberius

24 433 337 514 commemoratis,
367 452 446 503 mox
467 432 501 501 in
524 429 738 503 relationibus
758 429 875 502 nostris

24 525 242 614 Liuentis,
268 551 411 613 eorum,
443 551 517 620 quae
539 529 600 600 isto
625 529 679 601 die
702 531 771 601 ada
794 524 875 600 fuis·

25 630 128 707 sent,
153 629 311 698 rationem
338 627 540 710 redditurus,
566 625 689 722 lingula
712 628 875 700 succincta

24 729 222 799 narratione
248 725 443 818 complexus
463 724 554 807 sum;
579 745 614 793 ut
631 725 707 796 inde
722 723 889 815 pluribus.

24 822 284 907 innotesceret,
315 846 384 914 quo
418 826 451 892 in
483 822 668 916 questionis
694 821 873 918 propoiitae

23 922 237 995 resolutione
261 919 403 994 successu
426 920 490 992 huc
522 943 624 1010 usque
649 922 721 994 usus
745 919 871 1006 fuissesa

23 1020 277 1113 Exemplisque
303 1025 335 1091 in
361 1020 507 1092 medium
529 1020 693 1111 prolatis,
726 1023 870 1092 maxime

21 1119 302 1213 incomparabilis
326 1116 496 1210 Majanlii,
520 1119 574 1188 olii
591 1120 633 1191 ad
652 1119 871 1192 bibliothecas

25 1219 261 1309 tabulariaque
287 1239 378 1288 tanto
394 1217 582 1312 diligentius
598 1217 788 1302 scrutanda,
813 1214 872 1305 ἃ,

20 1340 106 1410 quae
135 1315 344 1406 detexiffent‚
369 1315 500 1388 Tecum
521 1316 796 1390 communicanda
813 1338 869 1388 ex·

20 1422 224 1489 citarentur.
406 1440 408 1445 ·

15 1552 20 1559 -
80 1510 168 1583 Haec
190 1519 245 1585 vix
270 1511 442 1604 expedita,
468 1532 543 1580 curn
565 1509 633 1602 jana
649 1516 870 1586 recentiorem

20 1617 92 1686 abs
113 1633 147 1681 te
163 1614 334 1702 epistolam
352 1608 452 1678 ferret
469 1608 657 1680 elariiilnrus
672 1609 866 1701 Michaelis,

20 1714 85 1783 die
110 1731 223 1806 xxix.
247 1708 371 1801 Aprilis
393 1728 574 1779 exaratam:
609 1728 707 1800 quam
731 1712 801 1801 pari
823 1734 872 1782 ra-

18 1806 128 1883 tione
148 1809 398 1892 excutiendam,
423 1803 508 1878 &in
524 1805 682 1898 publicos
700 1808 772 1880 usus
788 1832 870 1883 con·

17 1907 243 1994 vertendam,
277 1908 359 1976 mihi
386 1905 543 1976 tradidit:
578 1905 614 1976 id
635 1908 755 1999 quod,
788 1909 872 1982 rela-

16 2013 160 2082 tionum
185 2004 472 2103 Goettingensruur
496 2003 616 2076 libello
643 2026 742 2094 ura,
772 2031 792 2079 a
815 2028 871 2081 ure

17 2105 219 2203 praestitum.
855 2103 862 2156 ’-

75 2203 136 2274 Ex
151 2204 200 2273 his
213 2200 280 2295 jam
298 2204 458 2298 colliges,
483 2206 612 2293 optime
627 2199 868 2289 Memnone,

17 2324 129 2396 quam
158 2300 313 2392 jucundae
336 2301 512 2372 Sodalibus
534 2299 656 2369 fuerint
681 2298 868 2376 suaviffimae

15 2401 112 2474 Tuae
138 2399 275 2482 litterae;
301 2400 395 2471 testes
412 2419 489 2476 cunt
505 2395 738 2490 propensrllinri
754 2404 787 2472 in
805 2401 869 2473 So·

16 2504 185 2575 cietatern
207 2496 366 2582 affertos,
401 2519 469 2569 tum
494 2496 609 2567 summi
632 2496 754 2570 litteras
774 2499 867 2592 adju·

15 2598 129 2671 vandi
152 2596 258 2670 studii.
309 2596 476 2692 Efflagitas
497 2615 578 2664 vero
593 2615 771 2686 praterea,
792 2619 868 2689 qnae

16 2696 102 2789 Tua
131 2695 178 2765 est
200 2698 390 2780 urbanitas,
425 2716 461 2764 ut
484 2693 526 2763 de
553 2688 704 2765 universo
729 2701 870 2794 negotio

17 2796 225 2868 sententiam
262 2793 352 2864 suam
387 2791 494 2863 ferant
523 2788 673 2863 Sodales.
723 2791 801 2888 Qua
833 2801 868 2870 in

14 2914 60 2985 re
88 2893 171 2964 li'cet
194 2889 230 2966 ἃ
251 2892 430 2984 plurimum
451 2889 674 2974 distribuas,
699 2887 738 2965 ἃ
754 2894 811 2988 ipii
826 2897 870 2967 ad

17 2987 273 3065 inserviendum
304 2987 384 3060 Tibi
410 2988 557 3080 alioquin
580 2988 765 3080 paratiffimi
786 2993 866 3078 iint;

434 3083 465 3159 L
823 3113 869 3159 ra·
