2018 3578
110 164 179 247 ue
220 136 287 248 ,0
311 150 634 236 *run-tura
654 151 686 209 ο
710 156 782 241 ua
799 154 824 219 a

107 319 221 403 indole
242 321 277 392 in
299 318 412 390 animo
429 316 582 412 opinioni
595 320 743 407 erranti,
769 317 933 401 tribuimus.

110 420 286 498 Contraria
306 418 380 490 vice
397 411 529 490 Leonem
547 414 728 507 Aletium,
755 421 835 511 qui,
856 416 935 493 Grae·

113 544 173 594 cus
211 516 374 600 natione,
412 515 498 587 inter
530 512 632 587 Italos
667 518 772 588 vitam
811 518 935 614 degent,

115 619 238 694 chartae
268 608 402 688 diverse
428 613 517 707 apud
543 616 718 706 utramque
740 636 875 710 gentem
894 611 940 686 usu

114 719 223 815 probe
238 713 429 813 perspelio‚
453 713 546 807 quod
561 711 616 783 illa
633 712 862 809 gossypinum,
883 714 940 784 hac

118 818 240 890 lineam
269 812 472 899 adhibebat,
510 812 544 881 in
564 811 942 884 animadvetflonibusiu

115 912 297 1012 lnghirumi
318 908 469 995 fraudes,
496 908 564 1003 jam
588 929 725 982 centurn
750 910 788 986 bt
811 912 943 1005 pluribus

116 1034 208 1087 retro
235 1008 329 1080 annis
355 1006 541 1103 evulgatis,
575 1007 617 1080 de
643 1011 818 1102 utriusque
840 1011 945 1082 charta

114 1107 305 1184 'discrimine
328 1125 394 1176 tam
418 1104 603 1179 luculenter
628 1105 840 1180 dillbrenrem
858 1108 946 1201 perci

113 1206 249 1305 pimus,
275 1224 312 1277 ut
334 1201 503 1276 oculatum
528 1205 655 1299 inhoc
675 1205 946 1301 argumentobu

121 1310 246 1382 minem
261 1302 358 1379 facile
375 1302 543 1401 agnoscar.
568 1300 620 1398 (i)
669 1301 780 1402 Quod
796 1305 877 1378 licet
893 1323 947 1375 om·

122 1411 203 1480 nino
224 1403 312 1477 laudi
333 1399 381 1475 illi
406 1399 469 1489 stt,
503 1420 638 1487 tamen,
671 1423 737 1494 pro
764 1403 946 1483 commoda,

121 1527 223 1601 quant
260 1524 328 1597 prae
367 1500 439 1573 aliis
470 1499 582 1572 nasius
610 1494 747 1588 suerat,
789 1502 946 1588 occasione

124 1607 248 1679 chartae
269 1601 412 1673 curatius
427 1596 677 1696 dignoscendae,
703 1597 744 1672 ἁ
761 1625 844 1674 cum
859 1623 898 1674 ex
912 1601 948 1669 iu·

118 1702 236 1796 ¹{lituro
260 1721 329 1771 rem
353 1699 479 1793 egerit,
502 1695 579 1768 inde
604 1697 762 1770 uniuersae
779 1701 853 1788 liri,
877 1715 949 1772 ucet-

126 1805 213 1873 timo
235 1798 342 1869 studio
364 1799 406 1866 ab
433 1795 504 1889 ipso
525 1795 651 1883 duclae,
677 1801 825 1871 maxime
843 1792 949 1872 consul·

127 1919 245 1982 turus,
277 1917 346 1965 non
376 1914 549 1986 tantopere
579 1895 746 1968 miramur.
806 1897 949 1970 Miramu

127 2015 267 2097 eptem,
298 1984 529 2087 Nigrisulium,
563 1988 740 2063 Medicum
778 1995 950 2068 Ferrariem

130 2096 221 2181 sem,
246 2096 279 2165 in
301 2091 364 2165 suis
388 2089 430 2164 de
452 2091 562 2162 charta
579 2092 613 2162 in
630 2093 818 2167 universum
834 2094 950 2168 litteris.

130 2197 258 2269 erudite
288 2189 323 2265 ἃ
353 2189 522 2284 eleganter
546 2187 624 2259 alias
648 2189 867 2287 perscriptis,
899 2209 950 2263 rau

131 2293 262 2386 seoque
285 2289 448 2362 Minervae
471 2284 609 2359 Venerae
631 2286 785 2378 insertis,
821 2292 882 2387 (lt)
911 2289 951 2358 ba

132 2391 246 2465 Allatii
271 2387 517 2460 obseruationes
533 2384 606 2479 plus
622 2390 863 2486 quinquaginta
878 2384 951 2460 anuit

133 2491 343 2587 superiores,
381 2506 463 2584 nom¹
481 2487 515 2556 iu
546 2484 619 2556 usus
648 2483 725 2559 suos
756 2481 951 2654 convertilget

931 2600 952 2648 e.

175 2764 218 2842 (i)
250 2761 352 2826 Amim.
387 2763 419 2824 in
450 2744 590 2847 antiquar.
623 2752 769 2843 Etruscus
792 2753 952 2848 stagneul

136 2840 222 2929 lagb.
236 2845 323 2908 mira.
332 2853 404 2927 pag.
426 2860 491 2922 ¹34·

176 2925 229 3004 (k)
258 2920 311 2985 Lu
344 2921 477 2989 Gallert'a
510 2923 541 2989 rii
570 2922 727 2994 Minerua.
765 2921 855 2989 Toum
884 2933 953 2988 tenu

128 3013 205 3090 pag.
227 3002 384 3081 249·260.
