<?xml version="1.0" encoding="UTF-8"?>
<!DOCTYPE html PUBLIC "-//W3C//DTD XHTML 1.0 Transitional//EN"
    "http://www.w3.org/TR/xhtml1/DTD/xhtml1-transitional.dtd">
<html xmlns="http://www.w3.org/1999/xhtml" xml:lang="en" lang="en">
 <head>
  <title>
</title>
<meta http-equiv="Content-Type" content="text/html;charset=utf-8" />
  <meta name='ocr-system' content='tesseract 3.04.00' />
  <meta name='ocr-capabilities' content='ocr_page ocr_carea ocr_par ocr_line ocrx_word'/>
</head>
<body>
  <div class='ocr_page' id='page_1' title='image "./gerardimeermane00meergoog_0058.png"; bbox 0 0 2018 3578; ppageno 0'>
   <div class='ocr_carea' id='block_1_1' title="bbox 181 167 907 266">
    <p class='ocr_par' dir='ltr' id='par_1_1' title="bbox 181 167 907 266">
     <span class='ocr_line' id='line_1_1' title="bbox 181 167 907 266; baseline 0.006 -19"><span class='ocrx_word' id='word_1_1' title='bbox 181 174 263 248; x_wconf 86' lang='lat' dir='ltr'>Du</span> <span class='ocrx_word' id='word_1_2' title='bbox 275 167 907 266; x_wconf 75' lang='lat' dir='ltr'>Ottru.Currru.L1naut&#39;.33</span> 
     </span>
    </p>
   </div>
   <div class='ocr_carea' id='block_1_2' title="bbox 52 350 894 631">
    <p class='ocr_par' dir='ltr' id='par_1_2' title="bbox 52 350 894 631">
     <span class='ocr_line' id='line_1_2' title="bbox 52 350 893 452; baseline -0.008 -23"><span class='ocrx_word' id='word_1_3' title='bbox 52 380 99 452; x_wconf 94' lang='lat' dir='ltr'>p</span> <span class='ocrx_word' id='word_1_4' title='bbox 78 352 275 448; x_wconf 77' lang='lat' dir='ltr'>rfettronrs</span> <span class='ocrx_word' id='word_1_5' title='bbox 309 350 470 448; x_wconf 84' lang='lat' dir='ltr'>fastigium</span> <span class='ocrx_word' id='word_1_6' title='bbox 495 352 629 424; x_wconf 70' lang='lat' dir='ltr'>euellae</span> <span class='ocrx_word' id='word_1_7' title='bbox 653 350 807 424; x_wconf 88' lang='lat' dir='ltr'>omnibus</span> <span class='ocrx_word' id='word_1_8' title='bbox 831 370 893 422; x_wconf 92' lang='lat' dir='ltr'>nu·</span> 
     </span>
     <span class='ocr_line' id='line_1_3' title="bbox 52 449 894 623; baseline -0.005 -95"><span class='ocrx_word' id='word_1_9' title='bbox 52 458 161 623; x_wconf 65' lang='lat' dir='ltr'>mepis</span> <span class='ocrx_word' id='word_1_10' title='bbox 205 451 376 534; x_wconf 87' lang='lat' dir='ltr'>videantur</span> <span class='ocrx_word' id='word_1_11' title='bbox 418 449 591 524; x_wconf 82' lang='lat' dir='ltr'>absolutae</span> <span class='ocrx_word' id='word_1_12' title='bbox 635 449 723 523; x_wconf 82' lang='lat' dir='ltr'>illius</span> <span class='ocrx_word' id='word_1_13' title='bbox 761 450 894 547; x_wconf 77' lang='lat' dir='ltr'>generis</span> 
     </span>
     <span class='ocr_line' id='line_1_4' title="bbox 52 575 181 631; baseline -0.059 0"><span class='ocrx_word' id='word_1_14' title='bbox 52 578 113 631; x_wconf 86' lang='lat' dir='ltr'>nro</span> <span class='ocrx_word' id='word_1_15' title='bbox 129 575 181 625; x_wconf 89' lang='lat' dir='ltr'>ae.</span> 
     </span>
    </p>
   </div>
   <div class='ocr_carea' id='block_1_3' title="bbox 407 691 540 784">
    <p class='ocr_par' dir='ltr' id='par_1_3' title="bbox 407 691 540 784">
     <span class='ocr_line' id='line_1_5' title="bbox 407 691 540 784; baseline 0 -22"><span class='ocrx_word' id='word_1_16' title='bbox 407 695 438 784; x_wconf 61' lang='grc' dir='ltr'>ς.</span> <span class='ocrx_word' id='word_1_17' title='bbox 465 691 540 762; x_wconf 83' lang='lat'>111.</span> 
     </span>
    </p>
   </div>
   <div class='ocr_carea' id='block_1_4' title="bbox 52 889 913 2045">
    <p class='ocr_par' dir='ltr' id='par_1_4' title="bbox 52 889 913 2045">
     <span class='ocr_line' id='line_1_6' title="bbox 103 889 913 988; baseline 0.002 -26"><span class='ocrx_word' id='word_1_18' title='bbox 103 893 192 988; x_wconf 89' lang='lat' dir='ltr'>Quo</span> <span class='ocrx_word' id='word_1_19' title='bbox 223 903 332 962; x_wconf 83' lang='lat' dir='ltr'>autern</span> <span class='ocrx_word' id='word_1_20' title='bbox 366 889 527 962; x_wconf 87' lang='lat' dir='ltr'>difficilius</span> <span class='ocrx_word' id='word_1_21' title='bbox 560 892 747 981; x_wconf 88' lang='lat' dir='ltr'>pariebatur</span> <span class='ocrx_word' id='word_1_22' title='bbox 779 891 913 964; x_wconf 74' lang='lat' dir='ltr'>charta</span> 
     </span>
     <span class='ocr_line' id='line_1_7' title="bbox 52 988 894 1089; baseline -0.002 -25"><span class='ocrx_word' id='word_1_23' title='bbox 52 993 196 1076; x_wconf 79' lang='lat' dir='ltr'>nostra,</span> <span class='ocrx_word' id='word_1_24' title='bbox 230 1012 273 1058; x_wconf 93' lang='lat' dir='ltr'>eo</span> <span class='ocrx_word' id='word_1_25' title='bbox 297 990 491 1089; x_wconf 84' lang='lat' dir='ltr'>frugaliores</span> <span class='ocrx_word' id='word_1_26' title='bbox 513 988 546 1058; x_wconf 89' lang='lat' dir='ltr'>se</span> <span class='ocrx_word' id='word_1_27' title='bbox 571 990 730 1084; x_wconf 83' lang='lat' dir='ltr'>gerebant</span> <span class='ocrx_word' id='word_1_28' title='bbox 750 993 894 1062; x_wconf 85' lang='lat' dir='ltr'>maiores</span> 
     </span>
     <span class='ocr_line' id='line_1_8' title="bbox 52 1086 895 1179; baseline -0.002 -17"><span class='ocrx_word' id='word_1_29' title='bbox 52 1099 84 1162; x_wconf 80' lang='lat' dir='ltr'>ln</span> <span class='ocrx_word' id='word_1_30' title='bbox 114 1111 157 1158; x_wconf 88' lang='lat' dir='ltr'>ea</span> <span class='ocrx_word' id='word_1_31' title='bbox 180 1086 387 1173; x_wconf 85' lang='lat' dir='ltr'>adhibenda,</span> <span class='ocrx_word' id='word_1_32' title='bbox 413 1108 448 1157; x_wconf 89' lang='lat' dir='ltr'>vt</span> <span class='ocrx_word' id='word_1_33' title='bbox 465 1087 555 1173; x_wconf 88' lang='lat' dir='ltr'>lit,</span> <span class='ocrx_word' id='word_1_34' title='bbox 546 1110 579 1156; x_wconf 93' lang='lat' dir='ltr'>rn</span> <span class='ocrx_word' id='word_1_35' title='bbox 595 1110 651 1174; x_wconf 72' lang='lat' dir='ltr'>re,</span> <span class='ocrx_word' id='word_1_36' title='bbox 677 1092 895 1179; x_wconf 85' lang='lat' dir='ltr'>quaerarior.</span> 
     </span>
     <span class='ocr_line' id='line_1_9' title="bbox 52 1186 892 1278; baseline -0.004 -18"><span class='ocrx_word' id='word_1_37' title='bbox 52 1189 98 1260; x_wconf 82' lang='lat' dir='ltr'>Hi</span> <span class='ocrx_word' id='word_1_38' title='bbox 126 1187 239 1255; x_wconf 90' lang='lat' dir='ltr'>verbis</span> <span class='ocrx_word' id='word_1_39' title='bbox 259 1206 432 1278; x_wconf 84' lang='lat' dir='ltr'>parcentes</span> <span class='ocrx_word' id='word_1_40' title='bbox 447 1189 561 1276; x_wconf 87' lang='lat' dir='ltr'>paucis</span> <span class='ocrx_word' id='word_1_41' title='bbox 576 1186 679 1257; x_wconf 84' lang='lat' dir='ltr'>nrblta</span> <span class='ocrx_word' id='word_1_42' title='bbox 695 1187 892 1275; x_wconf 84' lang='lat' dir='ltr'>edicebant,</span> 
     </span>
     <span class='ocr_line' id='line_1_10' title="bbox 52 1283 893 1374; baseline -0.004 -15.982"><span class='ocrx_word' id='word_1_43' title='bbox 52 1283 240 1374; x_wconf 91' lang='lat' dir='ltr'>eduloque</span> <span class='ocrx_word' id='word_1_44' title='bbox 264 1287 444 1370; x_wconf 83' lang='lat' dir='ltr'>cauebant,</span> <span class='ocrx_word' id='word_1_45' title='bbox 469 1304 505 1354; x_wconf 91' lang='lat' dir='ltr'>vt</span> <span class='ocrx_word' id='word_1_46' title='bbox 522 1306 565 1354; x_wconf 91' lang='lat' dir='ltr'>ne</span> <span class='ocrx_word' id='word_1_47' title='bbox 581 1283 688 1355; x_wconf 90' lang='lat' dir='ltr'>lineae</span> <span class='ocrx_word' id='word_1_48' title='bbox 706 1285 893 1356; x_wconf 87' lang='lat' dir='ltr'>confunde</span> 
     </span>
     <span class='ocr_line' id='line_1_11' title="bbox 52 1380 894 1473; baseline -0.005 -16.947"><span class='ocrx_word' id='word_1_49' title='bbox 52 1403 171 1456; x_wconf 73' lang='lat' dir='ltr'>rentur</span> <span class='ocrx_word' id='word_1_50' title='bbox 194 1380 333 1454; x_wconf 83' lang='lat' dir='ltr'>fluxiore</span> <span class='ocrx_word' id='word_1_51' title='bbox 357 1405 484 1473; x_wconf 80' lang='lat' dir='ltr'>penna,</span> <span class='ocrx_word' id='word_1_52' title='bbox 511 1385 591 1470; x_wconf 92' lang='lat' dir='ltr'>quin</span> <span class='ocrx_word' id='word_1_53' title='bbox 612 1382 781 1471; x_wconf 84' lang='lat' dir='ltr'>quaelibet</span> <span class='ocrx_word' id='word_1_54' title='bbox 795 1385 894 1452; x_wconf 83' lang='lat' dir='ltr'>litera</span> 
     </span>
     <span class='ocr_line' id='line_1_12' title="bbox 52 1478 894 1568; baseline -0.002 -13.986"><span class='ocrx_word' id='word_1_55' title='bbox 52 1485 141 1554; x_wconf 65' lang='lat' dir='ltr'>etio</span> <span class='ocrx_word' id='word_1_56' title='bbox 160 1478 285 1564; x_wconf 85' lang='lat' dir='ltr'>facilis,</span> <span class='ocrx_word' id='word_1_57' title='bbox 307 1480 413 1564; x_wconf 86' lang='lat' dir='ltr'>clara,</span> <span class='ocrx_word' id='word_1_58' title='bbox 430 1479 574 1549; x_wconf 70' lang='lat' dir='ltr'>distineia</span> <span class='ocrx_word' id='word_1_59' title='bbox 590 1478 782 1568; x_wconf 82' lang='lat' dir='ltr'>adpareret,</span> <span class='ocrx_word' id='word_1_60' title='bbox 799 1481 894 1552; x_wconf 80' lang='lat' dir='ltr'>secus</span> 
     </span>
     <span class='ocr_line' id='line_1_13' title="bbox 52 1576 893 1679; baseline -0.008 -27"><span class='ocrx_word' id='word_1_61' title='bbox 52 1605 87 1652; x_wconf 86' lang='lat' dir='ltr'>rc</span> <span class='ocrx_word' id='word_1_62' title='bbox 114 1577 245 1679; x_wconf 88' lang='lat' dir='ltr'>posteri</span> <span class='ocrx_word' id='word_1_63' title='bbox 260 1583 314 1648; x_wconf 89' lang='lat' dir='ltr'>vix</span> <span class='ocrx_word' id='word_1_64' title='bbox 335 1576 464 1666; x_wconf 88' lang='lat' dir='ltr'>aliquot</span> <span class='ocrx_word' id='word_1_65' title='bbox 480 1578 614 1671; x_wconf 80' lang='lat' dir='ltr'>paginis</span> <span class='ocrx_word' id='word_1_66' title='bbox 624 1580 728 1646; x_wconf 89' lang='lat' dir='ltr'>immo</span> <span class='ocrx_word' id='word_1_67' title='bbox 742 1577 893 1669; x_wconf 86' lang='lat' dir='ltr'>plagula·</span> 
     </span>
     <span class='ocr_line' id='line_1_14' title="bbox 52 1668 890 1764; baseline -0.007 -13.928"><span class='ocrx_word' id='word_1_68' title='bbox 52 1698 124 1750; x_wconf 89' lang='lat' dir='ltr'>·urn</span> <span class='ocrx_word' id='word_1_69' title='bbox 151 1668 282 1748; x_wconf 86' lang='lat' dir='ltr'>sarcinis</span> <span class='ocrx_word' id='word_1_70' title='bbox 306 1675 547 1764; x_wconf 84' lang='lat' dir='ltr'>exsequentes,</span> <span class='ocrx_word' id='word_1_71' title='bbox 588 1672 682 1764; x_wconf 92' lang='lat' dir='ltr'>quod</span> <span class='ocrx_word' id='word_1_72' title='bbox 705 1673 758 1743; x_wconf 89' lang='lat' dir='ltr'>vel</span> <span class='ocrx_word' id='word_1_73' title='bbox 785 1675 890 1744; x_wconf 84' lang='lat' dir='ltr'>tribus</span> 
     </span>
     <span class='ocr_line' id='line_1_15' title="bbox 52 1770 890 1868; baseline -0.007 -21"><span class='ocrx_word' id='word_1_74' title='bbox 52 1794 239 1868; x_wconf 61' lang='lat' dir='ltr'>quatuorue</span> <span class='ocrx_word' id='word_1_75' title='bbox 265 1773 409 1845; x_wconf 81' lang='lat' dir='ltr'>verstbus</span> <span class='ocrx_word' id='word_1_76' title='bbox 433 1792 468 1841; x_wconf 88' lang='lat' dir='ltr'>et</span> <span class='ocrx_word' id='word_1_77' title='bbox 491 1770 594 1862; x_wconf 84' lang='lat' dir='ltr'>spatio</span> <span class='ocrx_word' id='word_1_78' title='bbox 617 1771 745 1862; x_wconf 87' lang='lat' dir='ltr'>aliquot</span> <span class='ocrx_word' id='word_1_79' title='bbox 768 1770 890 1866; x_wconf 85' lang='lat' dir='ltr'>digito·</span> 
     </span>
     <span class='ocr_line' id='line_1_16' title="bbox 52 1870 890 1963; baseline -0.004 -18"><span class='ocrx_word' id='word_1_80' title='bbox 52 1895 128 1945; x_wconf 87' lang='lat' dir='ltr'>rum</span> <span class='ocrx_word' id='word_1_81' title='bbox 150 1874 365 1963; x_wconf 82' lang='lat' dir='ltr'>exponebant</span> <span class='ocrx_word' id='word_1_82' title='bbox 380 1891 588 1961; x_wconf 86' lang='lat' dir='ltr'>nequaquam</span> <span class='ocrx_word' id='word_1_83' title='bbox 603 1870 704 1942; x_wconf 87' lang='lat' dir='ltr'>fidem</span> <span class='ocrx_word' id='word_1_84' title='bbox 720 1893 768 1942; x_wconf 80' lang='lat' dir='ltr'>ear·</span> <span class='ocrx_word' id='word_1_85' title='bbox 778 1871 890 1942; x_wconf 87' lang='lat' dir='ltr'>charta</span> 
     </span>
     <span class='ocr_line' id='line_1_17' title="bbox 52 1989 589 2045; baseline -0.015 0"><span class='ocrx_word' id='word_1_86' title='bbox 52 1989 239 2045; x_wconf 86' lang='lat' dir='ltr'>netrentes.</span> <span class='ocrx_word' id='word_1_87' title='bbox 586 2000 589 2005; x_wconf 96' lang='lat'><em>·</em></span> 
     </span>
    </p>
   </div>
   <div class='ocr_carea' id='block_1_5' title="bbox 393 2104 550 2207">
    <p class='ocr_par' dir='ltr' id='par_1_5' title="bbox 393 2104 550 2207">
     <span class='ocr_line' id='line_1_18' title="bbox 393 2104 550 2207; baseline -0.013 -20"><span class='ocrx_word' id='word_1_88' title='bbox 393 2118 426 2207; x_wconf 77' lang='lat' dir='ltr'>l·</span> <span class='ocrx_word' id='word_1_89' title='bbox 452 2104 550 2187; x_wconf 84' lang='lat'>1111.</span> 
     </span>
    </p>
   </div>
   <div class='ocr_carea' id='block_1_6' title="bbox 52 2307 888 2694">
    <p class='ocr_par' dir='ltr' id='par_1_6' title="bbox 52 2307 888 2694">
     <span class='ocr_line' id='line_1_19' title="bbox 99 2307 888 2389; baseline -0.004 0"><span class='ocrx_word' id='word_1_90' title='bbox 99 2307 172 2389; x_wconf 83' lang='lat' dir='ltr'>Sed</span> <span class='ocrx_word' id='word_1_91' title='bbox 199 2336 232 2386; x_wconf 91' lang='lat' dir='ltr'>et</span> <span class='ocrx_word' id='word_1_92' title='bbox 261 2313 438 2384; x_wconf 86' lang='lat' dir='ltr'>linarnenta</span> <span class='ocrx_word' id='word_1_93' title='bbox 462 2312 636 2382; x_wconf 86' lang='lat' dir='ltr'>blattarum</span> <span class='ocrx_word' id='word_1_94' title='bbox 660 2327 701 2384; x_wconf 87' lang='lat' dir='ltr'>ac</span> <span class='ocrx_word' id='word_1_95' title='bbox 726 2317 888 2389; x_wconf 87' lang='lat' dir='ltr'>tinearuni</span> 
     </span>
     <span class='ocr_line' id='line_1_20' title="bbox 52 2410 886 2509; baseline -0.002 -22.961"><span class='ocrx_word' id='word_1_96' title='bbox 52 2416 173 2508; x_wconf 73' lang='lat' dir='ltr'>apulae</span> <span class='ocrx_word' id='word_1_97' title='bbox 208 2435 241 2483; x_wconf 93' lang='lat' dir='ltr'>et</span> <span class='ocrx_word' id='word_1_98' title='bbox 273 2413 414 2481; x_wconf 83' lang='lat' dir='ltr'>muriunt</span> <span class='ocrx_word' id='word_1_99' title='bbox 448 2410 626 2482; x_wconf 85' lang='lat' dir='ltr'>illecebrae</span> <span class='ocrx_word' id='word_1_100' title='bbox 662 2435 703 2484; x_wconf 87' lang='lat' dir='ltr'>ex</span> <span class='ocrx_word' id='word_1_101' title='bbox 735 2414 886 2509; x_wconf 86' lang='lat' dir='ltr'>glutino,</span> 
     </span>
     <span class='ocr_line' id='line_1_21' title="bbox 52 2469 887 2624; baseline -0.004 -40"><span class='ocrx_word' id='word_1_102' title='bbox 52 2510 146 2606; x_wconf 67' lang='lat' dir='ltr'>quod</span> <span class='ocrx_word' id='word_1_103' title='bbox 178 2528 309 2603; x_wconf 86' lang='lat' dir='ltr'>paratur</span> <span class='ocrx_word' id='word_1_104' title='bbox 338 2501 439 2580; x_wconf 72' lang='lat' dir='ltr'>collis</span> <span class='ocrx_word' id='word_1_105' title='bbox 463 2507 601 2623; x_wconf 84' lang='lat' dir='ltr'>pelliurn</span> <span class='ocrx_word' id='word_1_106' title='bbox 628 2469 813 2624; x_wconf 51' lang='lat' dir='ltr'>osfitrranue</span> <span class='ocrx_word' id='word_1_107' title='bbox 838 2534 887 2582; x_wconf 87' lang='lat' dir='ltr'>ra·</span> 
     </span>
     <span class='ocr_line' id='line_1_22' title="bbox 52 2607 886 2694; baseline 0 -12"><span class='ocrx_word' id='word_1_108' title='bbox 52 2611 200 2694; x_wconf 87' lang='lat' dir='ltr'>mentis,</span> <span class='ocrx_word' id='word_1_109' title='bbox 243 2610 298 2679; x_wconf 92' lang='lat' dir='ltr'>cui</span> <span class='ocrx_word' id='word_1_110' title='bbox 319 2609 431 2679; x_wconf 85' lang='lat' dir='ltr'>charta</span> <span class='ocrx_word' id='word_1_111' title='bbox 453 2607 593 2679; x_wconf 87' lang='lat' dir='ltr'>nostra</span> <span class='ocrx_word' id='word_1_112' title='bbox 584 2611 768 2682; x_wconf 88' lang='lat' dir='ltr'>rmmittitur</span> <span class='ocrx_word' id='word_1_113' title='bbox 793 2630 828 2681; x_wconf 90' lang='lat' dir='ltr'>et</span> <span class='ocrx_word' id='word_1_114' title='bbox 852 2614 886 2682; x_wconf 92' lang='lat' dir='ltr'>in</span> 
     </span>
    </p>
   </div>
   <div class='ocr_carea' id='block_1_7' title="bbox 52 2705 519 2893">
    <p class='ocr_par' dir='ltr' id='par_1_7' title="bbox 52 2705 519 2893">
     <span class='ocr_line' id='line_1_23' title="bbox 52 2705 509 2893; baseline -0.004 -114"><span class='ocrx_word' id='word_1_115' title='bbox 52 2705 290 2780; x_wconf 72' lang='lat' dir='ltr'>teresrccatur.</span> <span class='ocrx_word' id='word_1_116' title='bbox 420 2803 509 2893; x_wconf 73' lang='lat' dir='ltr'>§V</span> 
     </span>
     <span class='ocr_line' id='line_1_24' title="bbox 346 2847 519 2876; baseline 0 0"><span class='ocrx_word' id='word_1_117' title='bbox 346 2855 348 2859; x_wconf 78' lang='grc'>’</span> <span class='ocrx_word' id='word_1_118' title='bbox 443 2856 451 2874; x_wconf 81' lang='grc' dir='ltr'><strong>ο</strong></span> <span class='ocrx_word' id='word_1_119' title='bbox 510 2847 519 2876; x_wconf 70' lang='grc' dir='ltr'><strong><em>ὁ</em></strong></span> 
     </span>
    </p>
   </div>
   <div class='ocr_carea' id='block_1_8' title="bbox 99 2999 887 3176">
    <p class='ocr_par' dir='ltr' id='par_1_8' title="bbox 99 2999 887 3176">
     <span class='ocr_line' id='line_1_25' title="bbox 99 2999 887 3170; baseline 0.003 -95"><span class='ocrx_word' id='word_1_120' title='bbox 99 3001 183 3077; x_wconf 89' lang='lat' dir='ltr'>lnde</span> <span class='ocrx_word' id='word_1_121' title='bbox 210 2999 325 3075; x_wconf 78' lang='lat' dir='ltr'>andern</span> <span class='ocrx_word' id='word_1_122' title='bbox 350 2999 410 3075; x_wconf 86' lang='lat' dir='ltr'>cad</span> <span class='ocrx_word' id='word_1_123' title='bbox 414 3021 483 3170; x_wconf 66' lang='lat' dir='ltr'>unpJ</span> <span class='ocrx_word' id='word_1_124' title='bbox 498 3000 593 3077; x_wconf 88' lang='lat' dir='ltr'>valde</span> <span class='ocrx_word' id='word_1_125' title='bbox 617 3021 653 3078; x_wconf 88' lang='lat' dir='ltr'>et</span> <span class='ocrx_word' id='word_1_126' title='bbox 675 3002 818 3105; x_wconf 82' lang='lat' dir='ltr'>fragilis,</span> <span class='ocrx_word' id='word_1_127' title='bbox 849 3024 887 3078; x_wconf 91' lang='lat' dir='ltr'>vt</span> 
     </span>
     <span class='ocr_line' id='line_1_26' title="bbox 462 3107 887 3176; baseline -0.002 -1"><span class='ocrx_word' id='word_1_128' title='bbox 462 3136 465 3144; x_wconf 89' lang='grc'>·</span> <span class='ocrx_word' id='word_1_129' title='bbox 820 3107 887 3176; x_wconf 88' lang='lat' dir='ltr'>iac·</span> 
     </span>
    </p>
   </div>
   <div class='ocr_carea' id='block_1_9' title="bbox 0 0 1014 3578">
    <p class='ocr_par' dir='ltr' id='par_1_9' title="bbox 0 0 1014 3578">
     <span class='ocr_line' id='line_1_27' title="bbox 0 0 1014 3578; baseline 0 0"><span class='ocrx_word' id='word_1_130' title='bbox 0 0 1014 3578; x_wconf 95' lang='lat' dir='ltr'> </span> 
     </span>
    </p>
   </div>
  </div>
 </body>
</html>
