2018 3578
127 113 202 167 oro
282 91 867 167 Ousrnvurronto

126 291 233 348 toturn
273 293 395 368 genere
435 291 583 365 errorem
620 274 831 368 committat.
878 271 959 369 Quid.

127 371 247 449 enimi
280 370 302 439 st
325 374 423 443 etiarn
447 370 491 441 de
514 368 685 442 nonnullis
708 371 884 447 dubitarit.
927 373 959 445 ln-

125 471 275 563 plurimis
299 491 411 556 cette,
438 469 495 545 usu
517 470 685 555 edoctus,
716 471 805 562 quid
834 473 956 544 liutuen·

128 569 209 642 dum
226 568 285 655 srt,
309 570 447 642 videbit.

175 668 469 760 Antiquiffintum‚
507 665 600 758 quod
641 665 754 739 adhuc
797 673 958 753 novimus,

125 767 247 858 charte
280 766 377 839 lineet
408 767 648 837 documentum
679 765 896 860 Anghcum,
936 772 964 840 in

128 868 400 938 transactionibus
422 865 662 956 philosophicis
684 869 765 937 anni
787 884 882 961 1703
906 871 961 958 pti·

126 986 218 1039 mum
242 966 445 1061 indicatum,
476 962 621 1034 Eduatdi
642 961 693 1032 ΙΙΙ
717 964 796 1049 est,
819 969 961 1059 ‚annique

130 1084 254 1154 1342,
284 1065 318 1133 in
350 1063 521 1135 Cottonea
549 1060 636 1154 (m)
660 1061 798 1134 libraria
820 1067 961 1137 obvium.

127 1161 223 1247 Sed,
262 1184 337 1254 quae
377 1161 503 1233 addidit
542 1162 688 1231 eruditus
717 1163 819 1235 istius
863 1166 962 1256 scripti

124 1263 270 1347 audior,
310 1262 522 1333 vetustiorum
568 1258 840 1354 detegendorum
883 1263 963 1355 spen

126 1363 267 1432 omnino
291 1358 426 1432 faciunt.
478 1357 591 1451 Magis
613 1378 724 1431 tamen
750 1361 826 1431 haec
854 1363 897 1435 de
916 1384 962 1435 co

127 1461 257 1532 dicibus
285 1460 505 1544 confidimus,
529 1478 672 1547 quorum
698 1461 731 1528 in
750 1459 962 1534 bibliothecis

127 1558 280 1654 Anglicis
311 1560 444 1654 indgnis
477 1559 603 1646 copie:
639 1559 725 1629 inter
755 1580 847 1650 quos
874 1564 963 1632 etiun

129 1657 251 1739 chartte
283 1656 379 1730 lineae
402 1657 531 1749 aliquos
556 1676 724 1746 repertum
750 1658 822 1742 iri,
865 1659 964 1732 nullu

128 1744 258 1825 dubito.
309 1758 480 1837 Artem,
505 1752 527 1822 fi
552 1775 595 1825 ex
618 1754 730 1824 indice
753 1755 963 1830 bibliothece

129 1851 271 1946 Regtae,
296 1873 418 1942 quam,
444 1853 590 1944 plurimo
614 1853 747 1938 studio,
782 1859 964 1951 composuit

130 1950 318 2026 clariffimus
360 1949 495 2046 Coflry,
532 1950 692 2042 judiciuin
727 1951 843 2026 facere
876 1956 963 2043 licet:

129 2073 239 2144 prope
256 2050 474 2144 conjicimus,
499 2051 555 2120 vix
567 2049 751 2123 saecuioxrv
766 2057 965 2146 antiquiores

127 2150 285 2244 Anglianu
312 2153 460 2222 habete:
494 2144 533 2221 dt
559 2150 592 2220 hi
616 2148 785 2238 quidem,
821 2175 859 2225 ut
887 2153 965 2247 apud

127 2271 210 2337 nos,
237 2249 392 2321 rariffinti.
444 2245 543 2343 Quos
559 2252 648 2319 eninr
666 2247 867 2324 chartaceos
882 2256 965 2340 dixit,

128 2349 179 2419 illi
198 2349 268 2420 fere
284 2370 399 2419 ornnes
417 2349 638 2417 recentiorum
659 2345 731 2417 sunt
753 2346 964 2436 sacedotum

130 2469 240 2522 cxxv
266 2468 374 2519 tamen
399 2443 447 2515 sat'
470 2467 591 2539 magno
617 2444 684 2536 jorn
708 2465 867 2525 numero.
917 2448 966 2521 Vr·

130 2546 231 2630 ciffum
245 2547 434 2620 Salomonis
449 2543 556 2640 Regis
570 2545 715 2617 carmina
728 2565 852 2636 aurea,
879 2547 965 2623 Grue-

931 2668 965 2723 cd

171 2835 233 2917 (m)
256 2835 290 2898 A
315 2839 474 2921 Cotologue
503 2836 538 2917 of
564 2833 612 2902 the
643 2832 853 2921 Monuscriptr
882 2841 921 2923 of
931 2842 968 2921 tn

130 2913 382 3002 iu'ingtLidrurp,
398 2915 547 3002 hyDuvid
556 2912 667 3002 Called.
680 2913 830 3007 Lindon,
848 2940 966 3019 17344
