<?xml version="1.0" encoding="UTF-8"?>
<!DOCTYPE html PUBLIC "-//W3C//DTD XHTML 1.0 Transitional//EN"
    "http://www.w3.org/TR/xhtml1/DTD/xhtml1-transitional.dtd">
<html xmlns="http://www.w3.org/1999/xhtml" xml:lang="en" lang="en">
 <head>
  <title>
</title>
<meta http-equiv="Content-Type" content="text/html;charset=utf-8" />
  <meta name='ocr-system' content='tesseract 3.04.00' />
  <meta name='ocr-capabilities' content='ocr_page ocr_carea ocr_par ocr_line ocrx_word'/>
</head>
<body>
  <div class='ocr_page' id='page_1' title='image "./gerardimeermane00meergoog_0230.png"; bbox 0 0 2018 3578; ppageno 0'>
   <div class='ocr_carea' id='block_1_1' title="bbox 176 168 917 285">
    <p class='ocr_par' dir='ltr' id='par_1_1' title="bbox 176 168 917 285">
     <span class='ocr_line' id='line_1_1' title="bbox 176 168 917 285; baseline 0.003 -27"><span class='ocrx_word' id='word_1_1' title='bbox 176 175 245 258; x_wconf 64' lang='lat' dir='ltr'>na</span> <span class='ocrx_word' id='word_1_2' title='bbox 271 175 400 258; x_wconf 71' lang='lat' dir='ltr'>orm</span> <span class='ocrx_word' id='word_1_3' title='bbox 423 168 785 260; x_wconf 47' lang='lat' dir='ltr'>‘Cito-assum.</span> <span class='ocrx_word' id='word_1_4' title='bbox 842 174 917 285; x_wconf 58' lang='lat' dir='ltr'>inq</span> 
     </span>
    </p>
   </div>
   <div class='ocr_carea' id='block_1_2' title="bbox 10 350 911 2706">
    <p class='ocr_par' dir='ltr' id='par_1_2' title="bbox 10 350 911 2042">
     <span class='ocr_line' id='line_1_2' title="bbox 64 350 911 462; baseline -0.005 -23"><span class='ocrx_word' id='word_1_5' title='bbox 64 350 132 460; x_wconf 76' lang='lat' dir='ltr'>&#39;qui</span> <span class='ocrx_word' id='word_1_6' title='bbox 156 362 298 462; x_wconf 72' lang='lat' dir='ltr'>Augurii</span> <span class='ocrx_word' id='word_1_7' title='bbox 325 383 390 460; x_wconf 80' lang='lat'>13.-</span> <span class='ocrx_word' id='word_1_8' title='bbox 414 360 504 435; x_wconf 84' lang='lat' dir='ltr'>idem</span> <span class='ocrx_word' id='word_1_9' title='bbox 526 356 685 454; x_wconf 76' lang='lat' dir='ltr'>everrisse,</span> <span class='ocrx_word' id='word_1_10' title='bbox 709 350 911 456; x_wconf 70' lang='lat' dir='ltr'>nescioquo</span> 
     </span>
     <span class='ocr_line' id='line_1_3' title="bbox 69 459 911 560; baseline 0.001 -22"><span class='ocrx_word' id='word_1_11' title='bbox 69 466 208 538; x_wconf 67' lang='lat' dir='ltr'>aunone</span> <span class='ocrx_word' id='word_1_12' title='bbox 222 463 365 536; x_wconf 79' lang='lat' dir='ltr'>ass&#39;eruit:</span> <span class='ocrx_word' id='word_1_13' title='bbox 384 459 446 560; x_wconf 78' lang='lat' dir='ltr'>(b)</span> <span class='ocrx_word' id='word_1_14' title='bbox 462 461 911 558; x_wconf 65' lang='lat' dir='ltr'>cujotperittrcomporand</span> 
     </span>
     <span class='ocr_line' id='line_1_4' title="bbox 69 563 911 659; baseline 0 -23"><span class='ocrx_word' id='word_1_15' title='bbox 69 568 236 636; x_wconf 76' lang='lat' dir='ltr'>rationem</span> <span class='ocrx_word' id='word_1_16' title='bbox 260 563 473 659; x_wconf 68' lang='lat' dir='ltr'>Biasingr&#39;rtt,</span> <span class='ocrx_word' id='word_1_17' title='bbox 501 565 535 634; x_wconf 90' lang='lat' dir='ltr'>in</span> <span class='ocrx_word' id='word_1_18' title='bbox 560 564 678 634; x_wconf 85' lang='lat' dir='ltr'>tabulis</span> <span class='ocrx_word' id='word_1_19' title='bbox 699 563 911 637; x_wconf 69' lang='lat' dir='ltr'>ammutium</span> 
     </span>
     <span class='ocr_line' id='line_1_5' title="bbox 69 659 907 745; baseline -0.002 -10"><span class='ocrx_word' id='word_1_20' title='bbox 69 664 136 735; x_wconf 78' lang='lat' dir='ltr'>sune</span> <span class='ocrx_word' id='word_1_21' title='bbox 165 663 207 733; x_wconf 89' lang='lat' dir='ltr'>de</span> <span class='ocrx_word' id='word_1_22' title='bbox 236 662 359 734; x_wconf 83' lang='lat' dir='ltr'>samisia</span> <span class='ocrx_word' id='word_1_23' title='bbox 382 663 543 745; x_wconf 88' lang='lat' dir='ltr'>comitum</span> <span class='ocrx_word' id='word_1_24' title='bbox 568 659 907 734; x_wconf 60' lang='lat' dir='ltr'>Horam-Semoni</span> 
     </span>
     <span class='ocr_line' id='line_1_6' title="bbox 10 752 910 860; baseline -0.006 -26"><span class='ocrx_word' id='word_1_25' title='bbox 10 768 14 772; x_wconf 80' lang='grc'><strong>“</strong></span> <span class='ocrx_word' id='word_1_26' title='bbox 66 762 288 860; x_wconf 80' lang='lat' dir='ltr'>burgicorum</span> <span class='ocrx_word' id='word_1_27' title='bbox 310 762 452 849; x_wconf 80' lang='lat' dir='ltr'>additis,</span> <span class='ocrx_word' id='word_1_28' title='bbox 476 759 605 832; x_wconf 81' lang='lat' dir='ltr'>secutus</span> <span class='ocrx_word' id='word_1_29' title='bbox 621 759 678 833; x_wconf 84' lang='lat' dir='ltr'>eii.</span> <span class='ocrx_word' id='word_1_30' title='bbox 705 758 764 854; x_wconf 79' lang='lat' dir='ltr'>(c)</span> <span class='ocrx_word' id='word_1_31' title='bbox 815 752 910 830; x_wconf 79' lang='lat' dir='ltr'>Deri-</span> 
     </span>
     <span class='ocr_line' id='line_1_7' title="bbox 69 855 909 950; baseline -0.001 -19"><span class='ocrx_word' id='word_1_32' title='bbox 69 861 179 932; x_wconf 86' lang='lat' dir='ltr'>derars</span> <span class='ocrx_word' id='word_1_33' title='bbox 207 881 316 932; x_wconf 90' lang='lat' dir='ltr'>tamen</span> <span class='ocrx_word' id='word_1_34' title='bbox 340 857 462 950; x_wconf 72' lang='lat' dir='ltr'>posset,</span> <span class='ocrx_word' id='word_1_35' title='bbox 488 862 521 929; x_wconf 93' lang='lat' dir='ltr'>in</span> <span class='ocrx_word' id='word_1_36' title='bbox 547 855 753 931; x_wconf 91' lang='lat' dir='ltr'>documento</span> <span class='ocrx_word' id='word_1_37' title='bbox 775 858 909 944; x_wconf 63' lang='lat' dir='ltr'>nostrie,</span> 
     </span>
     <span class='ocr_line' id='line_1_8' title="bbox 66 954 906 1057; baseline -0.002 -27"><span class='ocrx_word' id='word_1_38' title='bbox 66 980 140 1031; x_wconf 89' lang='lat' dir='ltr'>non</span> <span class='ocrx_word' id='word_1_39' title='bbox 164 959 245 1030; x_wconf 83' lang='lat' dir='ltr'>sevis</span> <span class='ocrx_word' id='word_1_40' title='bbox 264 959 417 1051; x_wconf 72' lang='lat' dir='ltr'>proferro</span> <span class='ocrx_word' id='word_1_41' title='bbox 434 954 476 1057; x_wconf 79' lang='lat' dir='ltr'>ad</span> <span class='ocrx_word' id='word_1_42' title='bbox 492 979 543 1030; x_wconf 89' lang='lat' dir='ltr'>res</span> <span class='ocrx_word' id='word_1_43' title='bbox 559 956 815 1031; x_wconf 84' lang='lat' dir='ltr'>Rintesiensrum</span> <span class='ocrx_word' id='word_1_44' title='bbox 832 976 906 1040; x_wconf 80' lang='lat' dir='ltr'>mo·</span> 
     </span>
     <span class='ocr_line' id='line_1_9' title="bbox 67 1055 909 1149; baseline 0 -19"><span class='ocrx_word' id='word_1_45' title='bbox 67 1063 202 1144; x_wconf 82' lang='lat' dir='ltr'>menti,</span> <span class='ocrx_word' id='word_1_46' title='bbox 242 1076 306 1128; x_wconf 87' lang='lat' dir='ltr'>nec</span> <span class='ocrx_word' id='word_1_47' title='bbox 340 1056 485 1128; x_wconf 87' lang='lat' dir='ltr'>mensem</span> <span class='ocrx_word' id='word_1_48' title='bbox 522 1079 585 1128; x_wconf 91' lang='lat' dir='ltr'>nec</span> <span class='ocrx_word' id='word_1_49' title='bbox 614 1060 703 1130; x_wconf 88' lang='lat' dir='ltr'>diem</span> <span class='ocrx_word' id='word_1_50' title='bbox 727 1055 909 1149; x_wconf 72' lang='lat' dir='ltr'>expressum</span> 
     </span>
     <span class='ocr_line' id='line_1_10' title="bbox 66 1155 909 1249; baseline -0.001 -21"><span class='ocrx_word' id='word_1_51' title='bbox 66 1157 150 1231; x_wconf 86' lang='lat' dir='ltr'>esse:</span> <span class='ocrx_word' id='word_1_52' title='bbox 177 1155 271 1249; x_wconf 87' lang='lat' dir='ltr'>quod</span> <span class='ocrx_word' id='word_1_53' title='bbox 295 1156 387 1228; x_wconf 90' lang='lat' dir='ltr'>secus</span> <span class='ocrx_word' id='word_1_54' title='bbox 411 1159 443 1228; x_wconf 87' lang='lat' dir='ltr'>iu</span> <span class='ocrx_word' id='word_1_55' title='bbox 459 1156 531 1227; x_wconf 87' lang='lat' dir='ltr'>aliis</span> <span class='ocrx_word' id='word_1_56' title='bbox 547 1157 662 1228; x_wconf 85' lang='lat' dir='ltr'>litteris</span> <span class='ocrx_word' id='word_1_57' title='bbox 678 1156 829 1249; x_wconf 81' lang='lat' dir='ltr'>Adoiphi</span> <span class='ocrx_word' id='word_1_58' title='bbox 846 1156 909 1227; x_wconf 78' lang='lat' dir='ltr'>ob·</span> 
     </span>
     <span class='ocr_line' id='line_1_11' title="bbox 66 1254 906 1352; baseline -0.002 -24"><span class='ocrx_word' id='word_1_59' title='bbox 66 1255 260 1339; x_wconf 78' lang='lat' dir='ltr'>servamus,</span> <span class='ocrx_word' id='word_1_60' title='bbox 296 1257 467 1327; x_wconf 85' lang='lat' dir='ltr'>coenobio</span> <span class='ocrx_word' id='word_1_61' title='bbox 497 1254 775 1352; x_wconf 82' lang='lat' dir='ltr'>Riddagshusano</span> <span class='ocrx_word' id='word_1_62' title='bbox 804 1257 906 1342; x_wconf 77' lang='lat' dir='ltr'>datis,</span> 
     </span>
     <span class='ocr_line' id='line_1_12' title="bbox 64 1351 907 1439; baseline -0.006 -11"><span class='ocrx_word' id='word_1_63' title='bbox 64 1351 104 1428; x_wconf 75' lang='grc' dir='ltr'><strong>ἃ</strong></span> <span class='ocrx_word' id='word_1_64' title='bbox 129 1352 304 1439; x_wconf 74' lang='lat' dir='ltr'>esnisia,</span> <span class='ocrx_word' id='word_1_65' title='bbox 336 1357 369 1425; x_wconf 92' lang='lat' dir='ltr'>in</span> <span class='ocrx_word' id='word_1_66' title='bbox 397 1355 517 1425; x_wconf 90' lang='lat' dir='ltr'>codice</span> <span class='ocrx_word' id='word_1_67' title='bbox 543 1355 756 1425; x_wconf 84' lang='lat' dir='ltr'>traditionum</span> <span class='ocrx_word' id='word_1_68' title='bbox 783 1353 907 1424; x_wconf 87' lang='lat' dir='ltr'>Corte·</span> 
     </span>
     <span class='ocr_line' id='line_1_13' title="bbox 62 1450 906 1547; baseline -0.006 -21"><span class='ocrx_word' id='word_1_69' title='bbox 62 1453 225 1547; x_wconf 74' lang='lat' dir='ltr'>janium,</span> <span class='ocrx_word' id='word_1_70' title='bbox 255 1453 330 1547; x_wconf 87' lang='lat' dir='ltr'>(d)</span> <span class='ocrx_word' id='word_1_71' title='bbox 355 1453 513 1524; x_wconf 73' lang='lat' dir='ltr'>audurus.</span> <span class='ocrx_word' id='word_1_72' title='bbox 566 1450 634 1522; x_wconf 87' lang='lat' dir='ltr'>Sed</span> <span class='ocrx_word' id='word_1_73' title='bbox 660 1452 723 1522; x_wconf 90' lang='lat' dir='ltr'>istis</span> <span class='ocrx_word' id='word_1_74' title='bbox 744 1452 812 1544; x_wconf 86' lang='lat' dir='ltr'>jam</span> <span class='ocrx_word' id='word_1_75' title='bbox 837 1464 906 1522; x_wconf 89' lang='lat' dir='ltr'>non</span> 
     </span>
     <span class='ocr_line' id='line_1_14' title="bbox 64 1549 907 1626; baseline -0.009 0"><span class='ocrx_word' id='word_1_76' title='bbox 64 1554 343 1626; x_wconf 82' lang='lat' dir='ltr'><strong>immorabimur:</strong></span> <span class='ocrx_word' id='word_1_77' title='bbox 382 1552 505 1620; x_wconf 88' lang='lat' dir='ltr'>tarnetsr</span> <span class='ocrx_word' id='word_1_78' title='bbox 528 1553 560 1620; x_wconf 92' lang='lat' dir='ltr'>in</span> <span class='ocrx_word' id='word_1_79' title='bbox 589 1571 809 1621; x_wconf 86' lang='lat' dir='ltr'>monumento</span> <span class='ocrx_word' id='word_1_80' title='bbox 833 1549 907 1618; x_wconf 81' lang='lat' dir='ltr'>talio</span> 
     </span>
     <span class='ocr_line' id='line_1_15' title="bbox 65 1646 905 1743; baseline -0.006 -19"><span class='ocrx_word' id='word_1_81' title='bbox 65 1650 276 1743; x_wconf 80' lang='lat' dir='ltr'>insolentiae.</span> <span class='ocrx_word' id='word_1_82' title='bbox 314 1648 458 1740; x_wconf 87' lang='lat' dir='ltr'>fideique</span> <span class='ocrx_word' id='word_1_83' title='bbox 496 1648 549 1719; x_wconf 87' lang='lat' dir='ltr'>uel</span> <span class='ocrx_word' id='word_1_84' title='bbox 582 1647 701 1719; x_wconf 84' lang='lat' dir='ltr'>exinde</span> <span class='ocrx_word' id='word_1_85' title='bbox 734 1646 905 1740; x_wconf 70' lang='lat' dir='ltr'>sospediae,</span> 
     </span>
     <span class='ocr_line' id='line_1_16' title="bbox 64 1744 907 1844; baseline -0.011 -20"><span class='ocrx_word' id='word_1_86' title='bbox 64 1750 162 1844; x_wconf 83' lang='lat' dir='ltr'>quod</span> <span class='ocrx_word' id='word_1_87' title='bbox 185 1749 468 1821; x_wconf 85' lang='lat' dir='ltr'>observationibus</span> <span class='ocrx_word' id='word_1_88' title='bbox 496 1746 776 1818; x_wconf 87' lang='lat' dir='ltr'>versatissrmorum</span> <span class='ocrx_word' id='word_1_89' title='bbox 804 1744 907 1816; x_wconf 82' lang='lat' dir='ltr'>inhia</span> 
     </span>
     <span class='ocr_line' id='line_1_17' title="bbox 68 1845 903 1943; baseline -0.006 -21"><span class='ocrx_word' id='word_1_90' title='bbox 68 1851 201 1935; x_wconf 76' lang='lat' dir='ltr'>studiis,</span> <span class='ocrx_word' id='word_1_91' title='bbox 225 1853 371 1918; x_wconf 87' lang='lat' dir='ltr'>virorum</span> <span class='ocrx_word' id='word_1_92' title='bbox 386 1845 589 1932; x_wconf 76' lang='lat' dir='ltr'>adversatur,</span> <span class='ocrx_word' id='word_1_93' title='bbox 611 1845 736 1943; x_wconf 80' lang='lat' dir='ltr'>singula</span> <span class='ocrx_word' id='word_1_94' title='bbox 757 1845 903 1936; x_wconf 82' lang='lat' dir='ltr'>attendi,</span> 
     </span>
     <span class='ocr_line' id='line_1_18' title="bbox 66 1945 712 2042; baseline -0.005 -21"><span class='ocrx_word' id='word_1_95' title='bbox 66 1969 169 2042; x_wconf 85' lang='lat' dir='ltr'>atque</span> <span class='ocrx_word' id='word_1_96' title='bbox 183 1951 216 2018; x_wconf 88' lang='lat' dir='ltr'>in</span> <span class='ocrx_word' id='word_1_97' title='bbox 231 1966 368 2018; x_wconf 82' lang='lat' dir='ltr'>examen</span> <span class='ocrx_word' id='word_1_98' title='bbox 387 1945 498 2015; x_wconf 81' lang='lat' dir='ltr'>vocari</span> <span class='ocrx_word' id='word_1_99' title='bbox 516 1964 712 2019; x_wconf 88' lang='lat' dir='ltr'>mereantur.</span> 
     </span>
    </p>

    <p class='ocr_par' dir='ltr' id='par_1_3' title="bbox 47 2041 905 2633">
     <span class='ocr_line' id='line_1_19' title="bbox 120 2041 905 2140; baseline -0.001 -23"><span class='ocrx_word' id='word_1_100' title='bbox 120 2045 200 2118; x_wconf 89' lang='lat' dir='ltr'>Hoc</span> <span class='ocrx_word' id='word_1_101' title='bbox 230 2045 428 2136; x_wconf 81' lang='lat' dir='ltr'>porissrmum</span> <span class='ocrx_word' id='word_1_102' title='bbox 462 2066 645 2140; x_wconf 78' lang='lat' dir='ltr'>urgemus,</span> <span class='ocrx_word' id='word_1_103' title='bbox 685 2041 794 2138; x_wconf 73' lang='lat' dir='ltr'>perfidi</span> <span class='ocrx_word' id='word_1_104' title='bbox 822 2043 905 2117; x_wconf 78' lang='lat' dir='ltr'>iliud</span> 
     </span>
     <span class='ocr_line' id='line_1_20' title="bbox 54 2141 904 2242; baseline -0.004 -26"><span class='ocrx_word' id='word_1_105' title='bbox 54 2144 171 2242; x_wconf 76' lang='lat' dir='ltr'>figislo</span> <span class='ocrx_word' id='word_1_106' title='bbox 198 2146 372 2235; x_wconf 85' lang='lat' dir='ltr'>praeditum</span> <span class='ocrx_word' id='word_1_107' title='bbox 396 2141 484 2222; x_wconf 67' lang='lat' dir='ltr'>cisoa</span> <span class='ocrx_word' id='word_1_108' title='bbox 519 2165 596 2212; x_wconf 88' lang='lat' dir='ltr'>cum</span> <span class='ocrx_word' id='word_1_109' title='bbox 620 2142 800 2213; x_wconf 78' lang='lat' dir='ltr'>chartaceis</span> <span class='ocrx_word' id='word_1_110' title='bbox 822 2143 904 2213; x_wconf 86' lang='lat' dir='ltr'>alio·</span> 
     </span>
     <span class='ocr_line' id='line_1_21' title="bbox 64 2239 904 2340; baseline -0.011 -21"><span class='ocrx_word' id='word_1_111' title='bbox 64 2250 149 2340; x_wconf 81' lang='lat' dir='ltr'>quin</span> <span class='ocrx_word' id='word_1_112' title='bbox 174 2245 383 2317; x_wconf 87' lang='lat' dir='ltr'>documentis</span> <span class='ocrx_word' id='word_1_113' title='bbox 404 2239 506 2333; x_wconf 84' lang='lat' dir='ltr'>figillo</span> <span class='ocrx_word' id='word_1_114' title='bbox 531 2240 659 2329; x_wconf 87' lang='lat' dir='ltr'>semper</span> <span class='ocrx_word' id='word_1_115' title='bbox 683 2242 736 2309; x_wconf 90' lang='lat' dir='ltr'>vcl</span> <span class='ocrx_word' id='word_1_116' title='bbox 750 2264 769 2310; x_wconf 88' lang='lat' dir='ltr'>a</span> <span class='ocrx_word' id='word_1_117' title='bbox 784 2262 904 2336; x_wconf 88' lang='lat' dir='ltr'>tergo,</span> 
     </span>
     <span class='ocr_line' id='line_1_22' title="bbox 63 2334 904 2434; baseline -0.008 -18"><span class='ocrx_word' id='word_1_118' title='bbox 63 2345 122 2416; x_wconf 90' lang='lat' dir='ltr'>ves</span> <span class='ocrx_word' id='word_1_119' title='bbox 137 2343 219 2417; x_wconf 89' lang='lat' dir='ltr'>infra</span> <span class='ocrx_word' id='word_1_120' title='bbox 235 2343 427 2434; x_wconf 85' lang='lat' dir='ltr'>scripturam</span> <span class='ocrx_word' id='word_1_121' title='bbox 443 2334 584 2429; x_wconf 73' lang='lat' dir='ltr'>impreffo</span> <span class='ocrx_word' id='word_1_122' title='bbox 594 2359 783 2409; x_wconf 79' lang='lat' dir='ltr'>cernantur:</span> <span class='ocrx_word' id='word_1_123' title='bbox 809 2339 904 2430; x_wconf 91' lang='lat' dir='ltr'>quod</span> 
     </span>
     <span class='ocr_line' id='line_1_23' title="bbox 47 2436 903 2539; baseline -0.009 -25"><span class='ocrx_word' id='word_1_124' title='bbox 47 2443 133 2539; x_wconf 36' lang='lat' dir='ltr'>,jam</span> <span class='ocrx_word' id='word_1_125' title='bbox 165 2443 263 2535; x_wconf 77' lang='lat' dir='ltr'>ipius</span> <span class='ocrx_word' id='word_1_126' title='bbox 293 2441 437 2510; x_wconf 85' lang='lat' dir='ltr'>materiae</span> <span class='ocrx_word' id='word_1_127' title='bbox 471 2436 601 2506; x_wconf 90' lang='lat' dir='ltr'>indoles</span> <span class='ocrx_word' id='word_1_128' title='bbox 627 2440 742 2531; x_wconf 79' lang='lat' dir='ltr'>exigit.</span> <span class='ocrx_word' id='word_1_129' title='bbox 793 2436 903 2508; x_wconf 91' lang='lat' dir='ltr'>Immo</span> 
     </span>
     <span class='ocr_line' id='line_1_24' title="bbox 65 2535 903 2633; baseline -0.012 -18"><span class='ocrx_word' id='word_1_130' title='bbox 65 2554 151 2615; x_wconf 75' lang='lat' dir='ltr'>&#39;vero</span> <span class='ocrx_word' id='word_1_131' title='bbox 172 2538 228 2614; x_wconf 82' lang='lat' dir='ltr'>vel</span> <span class='ocrx_word' id='word_1_132' title='bbox 253 2537 328 2633; x_wconf 82' lang='lat' dir='ltr'>ipss</span> <span class='ocrx_word' id='word_1_133' title='bbox 361 2535 647 2624; x_wconf 81' lang='lat' dir='ltr'>membranaceis,</span> <span class='ocrx_word' id='word_1_134' title='bbox 683 2536 744 2608; x_wconf 88' lang='lat' dir='ltr'>isto</span> <span class='ocrx_word' id='word_1_135' title='bbox 767 2535 903 2606; x_wconf 85' lang='lat' dir='ltr'>demum</span> 
     </span>
    </p>

    <p class='ocr_par' dir='ltr' id='par_1_4' title="bbox 847 2632 904 2706">
     <span class='ocr_line' id='line_1_25' title="bbox 847 2632 904 2706; baseline 0.018 -1"><span class='ocrx_word' id='word_1_136' title='bbox 847 2632 904 2706; x_wconf 85' lang='lat' dir='ltr'>sae·</span> 
     </span>
    </p>
   </div>
   <div class='ocr_carea' id='block_1_3' title="bbox 83 2829 902 3080">
    <p class='ocr_par' dir='ltr' id='par_1_5' title="bbox 83 2829 902 3080">
     <span class='ocr_line' id='line_1_26' title="bbox 83 2829 785 2920; baseline -0.02 -19"><span class='ocrx_word' id='word_1_137' title='bbox 83 2913 88 2920; x_wconf 32' lang='grc'><em>,</em></span> <span class='ocrx_word' id='word_1_138' title='bbox 105 2838 156 2918; x_wconf 81' lang='lat' dir='ltr'>(b)</span> <span class='ocrx_word' id='word_1_139' title='bbox 180 2829 471 2914; x_wconf 77' lang='lat' dir='ltr'>Schowanburgisthe</span> <span class='ocrx_word' id='word_1_140' title='bbox 486 2829 628 2897; x_wconf 70' lang='lat' dir='ltr'>Chaonio.</span> <span class='ocrx_word' id='word_1_141' title='bbox 649 2839 716 2913; x_wconf 83' lang='lat' dir='ltr'>pag.</span> <span class='ocrx_word' id='word_1_142' title='bbox 733 2845 785 2909; x_wconf 83' lang='lat'>73.</span> 
     </span>
     <span class='ocr_line' id='line_1_27' title="bbox 108 2907 902 2999; baseline -0.01 -18"><span class='ocrx_word' id='word_1_143' title='bbox 108 2918 156 2999; x_wconf 88' lang='lat' dir='ltr'>(c)</span> <span class='ocrx_word' id='word_1_144' title='bbox 178 2915 291 2982; x_wconf 84' lang='lat' dir='ltr'>Prodiir</span> <span class='ocrx_word' id='word_1_145' title='bbox 301 2912 345 2976; x_wconf 84' lang='lat' dir='ltr'>Di</span> <span class='ocrx_word' id='word_1_146' title='bbox 366 2916 490 2991; x_wconf 76' lang='lat' dir='ltr'>erratio,</span> <span class='ocrx_word' id='word_1_147' title='bbox 506 2907 746 2988; x_wconf 64' lang='lat' dir='ltr'>Brittannia,</span> <span class='ocrx_word' id='word_1_148' title='bbox 763 2911 902 2997; x_wconf 49' lang='grc' dir='ltr'><strong>πόρῃ.</strong></span> 
     </span>
     <span class='ocr_line' id='line_1_28' title="bbox 107 2992 900 3080; baseline -0.008 -16"><span class='ocrx_word' id='word_1_149' title='bbox 107 3003 158 3080; x_wconf 80' lang='lat' dir='ltr'>(d)</span> <span class='ocrx_word' id='word_1_150' title='bbox 181 2994 307 3066; x_wconf 79' lang='lat' dir='ltr'>Partes</span> <span class='ocrx_word' id='word_1_151' title='bbox 344 3040 354 3074; x_wconf 89' lang='lat'>,</span> <span class='ocrx_word' id='word_1_152' title='bbox 376 2992 485 3076; x_wconf 57' lang='grc'>9396,</span> <span class='ocrx_word' id='word_1_153' title='bbox 507 3001 578 3056; x_wconf 76' lang='lat' dir='ltr'>nora</span> <span class='ocrx_word' id='word_1_154' title='bbox 591 3007 627 3073; x_wconf 76' lang='lat' dir='ltr'>y,</span> <span class='ocrx_word' id='word_1_155' title='bbox 643 3000 715 3076; x_wconf 80' lang='lat' dir='ltr'>pag.</span> <span class='ocrx_word' id='word_1_156' title='bbox 731 2994 811 3074; x_wconf 75' lang='lat'>620,</span> <span class='ocrx_word' id='word_1_157' title='bbox 826 2993 900 3058; x_wconf 82' lang='lat' dir='ltr'>dar.</span> 
     </span>
    </p>
   </div>
   <div class='ocr_carea' id='block_1_4' title="bbox 447 3125 518 3196">
    <p class='ocr_par' dir='ltr' id='par_1_6' title="bbox 447 3125 518 3196">
     <span class='ocr_line' id='line_1_29' title="bbox 447 3125 518 3196; baseline -0.042 0"><span class='ocrx_word' id='word_1_158' title='bbox 447 3125 518 3196; x_wconf 82' lang='lat' dir='ltr'>Oa</span> 
     </span>
    </p>
   </div>
   <div class='ocr_carea' id='block_1_5' title="bbox 0 0 1014 3578">
    <p class='ocr_par' dir='ltr' id='par_1_7' title="bbox 0 0 1014 3578">
     <span class='ocr_line' id='line_1_30' title="bbox 0 0 1014 3578; baseline 0 2"><span class='ocrx_word' id='word_1_159' title='bbox 0 0 1014 3578; x_wconf 95' lang='lat' dir='ltr'> </span> 
     </span>
    </p>
   </div>
  </div>
 </body>
</html>
