2018 3578
89 178 162 275 ηδ
242 158 599 255 <iterun-'ur³
623 174 689 255 1²6
713 139 841 253 air-ti

88 360 210 455 quibus
231 359 386 453 'distingui
405 344 514 453 probe
536 358 606 432 no'n
627 360 742 455 potest
755 330 897 435 materiis·

89 478 171 533 nuru
188 456 339 543 lineasu,
356 482 397 530 un
416 482 496 531 uero
512 458 707 555 gossypion
727 458 819 553 quod
831 454 858 533 it
869 450 901 523 di

88 556 315 649 untiquiffirnis
344 558 474 653 Angiiae
506 561 736 629 monumentis
760 562 793 628 in
815 552 904 627 c‘haru

88 656 223 747 seriptis·
240 656 322 727 mihi
346 679 454 748 nuper
477 654 671 751 fignificavit
689 658 747 731 Cl.
764 648 906 728 Duceni·

88 752 154 827 lius
175 756 207 825 in
226 754 363 849 epistola
377 777 421 825 xr.
439 752 541 825 Febr.
560 755 658 827 huius
673 757 753 827 anni
772 774 846 849 pag.
861 750 907 843 98·

87 848 128 927 &
160 852 227 944 seq.
277 852 390 943 Atque
423 853 500 923 hinc
533 852 656 925 fotium
687 857 854 931 arbitror,
881 864 908 917 ut

89 950 189 1025 uuilee
212 970 255 1020 ex
282 950 413 1031 Gallia,
438 950 531 1024 ltalia
550 951 665 1024 aliisve
688 950 837 1045 Europae
857 946 909 1015 orii

88 1052 224 1149 notitiae
235 1047 384 1120 literariae
400 1049 497 1141 super
512 1050 579 1120 hoc
595 1071 798 1147 argumento
813 1046 853 1117 ad
868 1064 910 1114 ne

90 1148 321 1246 pervenerint,
344 1148 438 1238 quod
458 1150 643 1238 antiquiora
664 1148 721 1220 iila
742 1151 911 1220 chartarum

90 1260 213 1345 genere
226 1246 378 1340 distingui
396 1245 482 1316 houd
496 1245 593 1316 facile
607 1249 791 1339 potuerint.
820 1242 911 1314 Erunt

89 1345 219 1418 i'ortaffe
244 1347 303 1415 viri
320 1347 396 1415 artis
412 1344 585 1417 Chernieae
604 1347 704 1437 periti
715 1370 733 1429 ,·
752 1346 813 1436 qui
829 1340 912 1431 parti·

90 1446 183 1517 cuias
206 1445 328 1515 chartae
347 1442 515 1535 separare,
541 1466 642 1537 arque
659 1448 704 1515 ita
720 1440 912 1515 cerriffimanr

90 1542 282 1619 differentia
302 1562 415 1614 nutam
439 1543 524 1610 inter
538 1562 717 1634 utrumque
731 1542 855 1613 eharrae
869 1558 912 1633 ge·
951 1554 953 1563 '

91 1668 154 1716 uus
176 1645 333 1737 detegere
355 1660 530 1734 poterunt,¹
556 1656 656 1732 quarn
676 1660 791 1711 tamen
810 1642 844 1711 in
859 1654 913 1708 reu

91 1743 249 1812 nostrates
270 1741 336 1810 huc
357 1760 462 1831 usque
477 1736 678 1830 compellavi
697 1736 842 1820 frustre3
872 1732 914 1805 Eo

91 1862 174 1909 vero
202 1840 236 1906 ni
258 1837 398 1928 perduci
423 1857 476 1906 res
498 1858 625 1927 queat,
654 1835 841 1908 verendum
865 1832 915 1917 eii,

91 1960 135 2011 ne
164 1956 292 2025 tempus
316 1932 479 2025 locusque
502 1936 643 2005 inueutae
666 1936 794 2006 charrae
816 1934 916 2005 Linea

92 2038 289 2130 detegantur
305 2052 461 2121 unquam.
487 2031 562 2104 irno
577 2054 681 2125 quurn
698 2054 834 2125 reperta
848 2052 917 2104 non·

90 2137 171 2210 dum
185 2133 221 2205 fir
233 2130 353 2203 chartae
369 2129 494 2223 species
502 2133 666 2223 antiquior
673 2134 764 2202 anno
774 2148 917 2204 crocceu.

116 2256 191 2307 uam
229 2230 407 2324 Epoehanr
440 2229 514 2319 huc,
537 2250 643 2322 usque
676 2230 916 2322 untiquiiiinran

91 2256 229 2404 {arreni
248 2331 314 2401 fide
338 2332 372 2399 in
395 2328 613 2417 Admonitione
634 2350 711 2425 pag.
729 2348 786 2419 ¹4·
814 2330 917 2402 statue

92 2452 187 2513 tarn,
218 2429 312 2501 illico
344 2425 466 2513 sentis,
496 2426 557 2498 Vir
581 2425 638 2498 cl.
663 2430 822 2519 petitioni
846 2438 921 2523 inre·

92 2528 287 2601 saturanum
313 2526 462 2601 nondum
485 2524 576 2611 eise,
608 2521 760 2598 &sorte
783 2522 920 2601 iirrisfieri

91 2648 161 2697 non
187 2626 345 2723 potuissie.¹
384 2624 433 2701 Ar
450 2630 555 2718 quum
571 2626 617 2695 it'a
631 2622 699 2697 sese
715 2647 771 2697 res
788 2624 918 2705 habeat,

91 2727 230 2813 premio
246 2736 266 2810 ,··
296 2726 390 2816 quod
421 2723 698 2807 constituemur,-
715 2722 920 2797 honorandus

91 2822 174 2891 tuihi
195 2810 325 2892 iidetur
340 2824 416 2901 iile,
439 2825 518 2915 qui,
543 2821 600 2911 etii
618 2840 688 2892 rem
702 2824 744 2895 ad
761 2823 915 2915 liquidum

89 2922 275 3012 perducere
296 2940 365 2991 non
390 2924 557 3013 potuerit,
581 2932 728 2994 attamen
745 2918 782 2995 u
797 2920 919 3015 suntne

89 3018 213 3119 ingenii
238 3020 390 3092 acumine
412 3017 450 3097 δι
474 3021 590 3094 maiori
614 3042 683 3114 prae
701 3024 824 3096 ceteris
838 3018 920 3189 Erdui

119 3136 124 3179 ἰ
892 3134 911 3181 1·
