2018 3578
195 150 772 271 sddniirio
849 192 942 276 n-

56 374 200 474 minat,
216 382 499 458 damnandam
520 381 661 457 cunibus
684 384 780 457 inter
799 382 904 457 Anae

56 487 163 563 urbes
210 481 449 578 magnitudine
502 499 608 574 atque
661 482 905 555 amoenissimo

57 578 247 680 prospectu
271 578 372 652 fuisse
398 577 721 669 celebratissimum,
752 581 905 654 sednon

59 685 174 756 minus
193 696 336 773 quoque
354 676 527 749 illustrem
545 679 740 769 pernitidae
760 679 906 752 chartae

59 778 216 866 fabrica,
245 796 348 868 quam
377 774 516 846 Arabes
538 775 664 846 deinde
686 790 763 848 tum
788 778 825 848 in
849 775 903 848 su«

56 896 113 951 am
137 874 345 971 regionem,
376 887 453 945 tum
477 871 513 945 in
537 871 698 945 Africam
717 872 905 948 transtulea·

56 991 180 1062 runt,
226 971 413 1064 postquam
452 969 585 1040 Carinas
618 972 688 1042 Bcn
721 970 905 1062 Maricam,

55 1088 152 1147 anno
177 1066 303 1162 Egirae
329 1072 387 1157 85.
414 1064 448 1139 id
471 1063 522 1138 cst
548 1064 676 1140 Christi
702 1089 789 1160 704.
845 1071 903 1143 Sa-

53 1166 280 1244 marcandam
328 1160 566 1262 expugnasset.
628 1164 751 1266 Quum
796 1164 910 1266 igitur*

54 1282 131 1343 tum
151 1265 315 1358 antiquus
330 1256 421 1355 apud
436 1257 574 1334 Arabes
587 1263 629 1336 srt
643 1263 784 1335 chartae
799 1266 909 1340 born--

55 1366 209 1458 bycinae
233 1358 334 1450 usus,
365 1358 497 1433 sudium
518 1360 591 1450 est,
622 1375 662 1432 ut
679 1361 715 1431 hi
734 1361 909 1437 inuento-³

58 1483 114 1536 res
138 1462 214 1533 eius
236 1458 346 1531 habiti
364 1453 534 1544 fuerint,
555 1476 659 1547 quam
679 1478 717 1528 re
735 1483 823 1532 vera
842 1462 901 1534 Sa-

56 1555 245 1634 marcanda
264 1556 494 1648 reperierant.
547 1552 677 1638 Certe,
704 1558 798 1644 qnod
813 1557 907 1630 Ara-⁴¹

56 1661 118 1730 bes
144 1652 349 1727 constanter
372 1651 441 1722 hoc
466 1648 499 1721 &
519 1648 780 1743 insequentibus
806 1652 907 1748 secu,

59 1756 99 1827 lis
134 1748 325 1825 adhibuere
358 1748 497 1821 chartae
525 1768 667 1843 genas,
707 1770 782 1823 non
810 1752 909 1823 aliud

57 1851 132 1939 e'st,
162 1868 267 1944 quam
290 1850 526 1940 bombycinum,
556 1844 678 1937 prouti
703 1868 748 1917 ex
772 1848 900 1941 uariis,

56 1972 146 2044 quos
174 1949 212 2021 in
238 1945 298 2018 sua
321 1942 535 2016 bibliotheca
559 1939 741 2031 adservat,
773 1944 907 2019 codici.-

55 2051 121 2120 bus
164 2041 327 2117 Arabicis
363 2038 447 2113 mihi
483 2035 710 2111 confirmauit
747 2043 897 2116 nobiliis.

54 2145 323 2216 Meermannus.
646 2139 649 2146 '
666 2193 671 2201 .

105 2240 235 2313 Seculo
258 2236 380 2309 deinde
400 2258 436 2308 x.
458 2230 491 2306 de
511 2254 564 2308 xa.
584 2257 628 2307 ex
646 2232 778 2308 Arabia
798 2236 907 2312 bom·

56 2339 207 2434 bycinae
231 2335 371 2407 chartac
395 2332 474 2404 usus
498 2333 540 2402 ad
566 2332 725 2406 Graecos
748 2334 906 2430 aliasque·

57 2433 241 2529 Europaei
264 2432 359 2504 orbis
382 2440 504 2526 gentes
527 2429 709 2503 dimanasse
732 2431 905 2523 uideturf

58 2535 92 2607 u
114 2549 193 2609 tum
219 2530 419 2617 codicibus,
448 2537 525 2605 turn
544 2524 794 2621 diplomatibus
816 2554 907 2606 cona

57 2620 246 2717 scribendis
265 2625 466 2700 inservisse.
519 2624 755 2719 Antiquissimi
775 2626 810 2700 in
830 2625 906 2703 hoo

60 2729 199 2802 chartae
238 2746 342 2798 encre
356 2725 486 2797 exarati
502 2722 640 2795 codices
655 2723 735 2796 sunt
745 2721 852 2800 sectili
862 2751 904 2801 xa

62 2822 159 2899 uri.
177 2748 340 2898 Abirmat
356 2837 453 2894 certe
469 2821 638 2892 celeberr.
656 2821 899 2898 Montefalco-

11 2974 15 3017 ᾗ
63 2923 134 2994 nius
149 2923 184 2995 in
196 2921 486 3015 Palaeogr.Graec.
491 2935 569 3012 pag.
581 2940 626 2991 11.
636 2918 674 2992 in
683 2921 787 2992 variis
801 2921 899 2995 bibli-

12 3050 20 3143 p
64 3020 214 3111 othecis,
241 3007 825 3113 praecipue-inRegia-Pariiiensr,
840 3042 899 3091 ox-

826 3138 898 3189 em·
