2018 3578
87 188 141 264 ῃ,
220 152 806 239 suasaavarronasq

89 349 246 420 infimam
269 344 410 433 patiebar
432 361 467 411 et
490 337 599 410 tabula
618 359 651 409 et
669 338 824 434 scriptura
835 359 909 431 qap-1

92 449 176 520 libet
190 442 305 536 paullo
319 441 513 514 sinisteriore
530 435 617 508 casu.

450 639 480 729 u.
508 634 575 708 vr.

144 788 233 860 Cum
257 786 340 858 istud
362 789 527 875 antiquius
547 783 691 855 seculum
710 787 817 854 minus
836 784 911 853 setar

96 889 229 972 scribiS,
262 889 342 975 quin
358 885 516 975 pleraque
534 904 607 972 pars
624 883 811 952 mortalium
827 885 911 954 animi

95 987 143 1057 sui
170 983 259 1055 sensa
284 984 451 1054 literarum
481 985 692 1052 monimentis
716 982 912 1052 commenda·

99 1103 170 1156 tura
196 1081 336 1153 aliorum
363 1081 525 1151 scribendi
548 1083 731 1171 peritorum
756 1100 825 1149 tum
847 1103 913 1170 pau·
955 1082 957 1151 i

96 1185 226 1260 ciorum
257 1180 335 1252 fidei
366 1181 397 1250 se
430 1180 654 1268 relinquerent
675 1180 789 1262 ade0‚
825 1200 860 1247 vt
880 1199 913 1246 ne

94 1279 232 1368 quidem
252 1282 398 1350 nominis
420 1277 677 1368 subscriptione,
702 1278 760 1346 nisr
785 1277 914 1368 impera·

96 1393 186 1448 tores
199 1377 380 1472 Regesque
394 1397 696 1472 monogrammate,
713 1377 915 1468 agnoscerent

95 1495 247 1562 exarata,
273 1476 405 1548 necesse
432 1497 519 1561 erat,
543 1477 634 1565 quod
652 1475 709 1564 ipsr
728 1478 760 1542 in
778 1493 914 1544 extremo

93 1571 266 1649 literarum
282 1577 498 1669 profitentur,
514 1572 620 1668 figiilo
636 1597 674 1642 ea
687 1574 825 1642 munire.
851 1571 915 1643 Hoc

94 1672 199 1743 literis
223 1676 412 1766 adpendere
436 1675 646 1755 marmoris,
680 1672 774 1761 quod
793 1671 915 1760 quidem

94 1772 130 1840 in
154 1775 413 1844 membranaceis
435 1771 614 1842 commode
638 1770 709 1839 fieri
734 1772 860 1859 quinia,
889 1771 914 1834 in

95 1866 277 1938 chartaceis
300 1891 411 1941 autem
436 1891 504 1938 non
526 1869 592 1938 fine
610 1868 762 1959 periculo
778 1867 915 1937 scissurae

96 1962 201 2033 literis
229 1968 347 2036 noxiae
376 1988 417 2037 ex
443 1965 539 2062 sigilii
568 1968 728 2054 pondere.
764 1965 825 2037 .th
848 1983 916 2032 vero

97 2061 182 2133 illud
198 2065 443 2155 imprimerent,
467 2085 536 2134 non
555 2065 631 2132 dum
650 2067 760 2134 aderat
778 2066 914 2141 materia,
956 2105 957 2111 κ

99 2182 206 2252 quam·
224 2163 370 2234 nostrum
395 2166 531 2253 quoque
554 2181 673 2232 aeuum
691 2164 782 2232 dedit
798 2164 915 2231 demum

97 2262 354 2349 tenacisfimam,
379 2265 459 2352 quin
479 2259 673 2335 adhiberent
694 2283 789 2333 cerae
806 2281 914 2354 genus,

98 2359 152 2427 cui
185 2359 334 2451 imposita
367 2361 477 2430 charta
510 2356 649 2453 figillum
682 2358 914 2436 inscriberetur,

98 2455 184 2528 casui
207 2455 345 2528 aduerso
362 2457 416 2528 vel
433 2459 474 2528 ad
490 2456 555 2527 huc
570 2456 661 2545 apud¹
676 2479 737 2526 nos
753 2457 914 2529 obnoxiae·

441 2653 472 2743 a.
497 2651 589 2723 uu,

149 2797 209 2867 Ista
243 2819 352 2871 autem
387 2804 511 2873 cuneta.
537 2799 715 2872 suadebant
747 2801 915 2889 parciorem

98 2893 321 2969 chartularum
345 2900 436 2971 nsum
459 2923 494 2971 vr
513 2903 593 2991 pote
612 2901 720 2969 minus
735 2897 916 3002 percupiunt

100 2992 189 3066 aad
208 2994 566 3089 posterordurantium.
767 3051 788 3058 ,.
823 3050 829 3056 .

757 3097 788 3184 ᾗ.
814 3092 845 3161 V
854 3082 915 3158 ΙΙΙ,
