2018 3578
197 171 769 269 nnAneAnne
864 203 895 287 9

59 374 132 455 vid.
159 371 327 448 Admonet.
350 373 580 447 Meermanni
598 390 677 471 pag.
699 395 734 465 5.
746 369 815 470 seq.
835 373 902 445 Ni-

58 475 191 546 mirum
215 477 398 566 pergameni
424 473 642 545 vocabulum
666 494 711 544 eo
736 487 910 564 tempore-

57 570 176 659 latiori
200 568 393 666 significatu
411 570 459 641 ed
476 571 638 665 ,chartam
659 570 764 643 etiam
781 573 903 665 ²29⁷th-

61 674 192 754 cinam,
226 682 303 739 tum
329 667 366 739 in
394 667 514 759 primis
543 665 809 756 ufitatiffimam,
844 689 902 739 ex-

62 764 299 852 tendebatur,
333 777 438 855 atque
470 787 537 854 eo,
568 767 605 837 ni
638 763 768 852 fallor,
802 763 903 836 sensu

60 861 221 935 adhibuit
241 862 417 952 interpres
437 861 659 936 Teutonicus
678 863 821 933 fabulae
840 884 903 932 ve-

59 959 144 1039 teris
173 958 216 1030 de
241 958 414 1052 Vulpecnln
438 957 677 1055 (Reinekes,)
696 959 757 1050 qui·
773 957 909 1049 seripfit.

51 1056 127 1134 sec.
148 1079 215 1127 xv,
236 1056 326 1128 &de
340 1079 541 1147 pannorum
556 1056 709 1146 fabrita,
740 1055 901 1129 Gandavi

58 1167 138 1226 tum
156 1151 333 1243 florente,
361 1153 408 1225 fic
427 1154 598 1246 loquitur.

69 1320 73 1325 ·
156 1292 211 1395 Ja
234 1320 318 1367 nare
340 1299 373 1367 ni
394 1296 448 1368 dat
471 1301 560 1372 lanu
584 1316 793 1396 pergament

155 1394 231 1466 Dat
253 1396 327 1464 dnn
348 1399 489 1487 gemnket
514 1401 613 1468 werdt
638 1412 667 1467 te
693 1398 791 1472 Geni.
852 1487 855 1493 ³

73 1610 76 1615 .
106 1539 250 1615 Locum
273 1536 380 1610 etiam
403 1539 500 1609 Petri
523 1539 673 1611 Abbatis
693 1539 904 1616 Cluniacen-

60 1640 123 1729 fis,
156 1637 218 1708 ubi
246 1640 339 1711 libros
364 1642 543 1716 exremis
568 1651 706 1707 veterum
725 1651 906 1729 pannorum

63 1734 230 1830 compattos
248 1746 447 1819 memorat,
478 1733 520 1803 de
535 1733 655 1806 charta
669 1746 809 1807 tantum
823 1739 912 1823 hont-¹

58 1839 174 1928 bycinn
202 1827 413 1923 capiendum
442 1829 539 1918 effe,
578 1827 672 1901 reite
703 1830 912 1920 observavit

61 1931 112 2002 in.
142 1928 397 1999 Meennannus
426 1926 464 1998 in
487 1927 655 1999 Admone.
675 1943 753 2022 pag.
779 1952 815 2022 9.
839 1925 904 2001 dis-

60 2027 237 2100 sentiente
256 2024 341 2096 licet
358 2022 495 2095 summo
514 2022 698 2096 Maiansso.
738 2025 906 2118 Denique

61 2125 96 2197 &
119 2121 191 2215 ipsa
214 2122 301 2195 haee
324 2120 443 2193 charta
462 2122 697 2212 bombycina,
728 2135 769 2192 ut
787 2137 829 2192 ut
848 2123 906 2194 alii

60 2220 297 2316 distinguant,
326 2217 447 2290 eadem
471 2218 574 2308 piane
597 2215 669 2306 est,
701 2240 789 2310 quae
811 2233 912 2303 cotto-²

62 2343 122 2392 nea
145 2316 181 2390 &
202 2313 365 2412 goffypina
388 2329 564 2403 vocatur,
593 2315 663 2388 vid.
689 2315 733 2388 cl.
751 2315 910 2408 Murray.

62 2413 172 2511 Epist.
193 2415 234 2484 ad
250 2411 453 2483 Mtennnnn.
469 2427 547 2507 pag.
572 2433 657 2504 175.
907 2480 910 2489 ,

112 2510 223 2612 Quod
245 2509 417 2605 originem
435 2509 656 2583 introduttae
674 2510 777 2582 huius
798 2535 902 2608 gene-

62 2612 109 2683 ris
138 2609 278 2682 chartae
305 2607 455 2696 attinet,
489 2630 531 2681 ea
553 2607 712 2679 nondum
740 2605 817 2680 satis
846 2634 904 2683 ex-

64 2707 201 2798 plorata
227 2704 300 2776 fuit·
322 2701 506 2775 haetenus:
536 2726 624 2796 quae
650 2704 745 2787 enirn
774 2707 815 2778 de
844 2731 910 2787 c0-,

64 2805 141 2876 dice
164 2802 340 2895 Euangelii
364 2800 413 2872 D.
439 2799 573 2889 Marci,
602 2797 732 2893 scripto
757 2802 836 2895 post
861 2803 902 2876 C.

68 2899 116 2973 N.
140 2898 285 2973 sec.1v.
310 2897 370 2990 qui
389 2897 552 2975 Venetii's
572 2897 797 2990 adinventi,
827 2899 905 2992 sup-

66 2998 166 3088 ponit
187 2996 231 3071 cl.
256 2995 408 3088 Murray
426 3009 504 3132 neg,
530 3016 614 3090 197.
640 3003 675 3069 in
696 3013 762 3070 not.
783 3002 909 3092 homey„

75 3148 79 3155 .
129 3127 142 3161 -,
498 3113 519 3183 5
845 3099 909 3168 nni
