2018 3578
205 158 775 252 PRAEFATIO.
864 193 912 274 ¹3

83 417 110 457 „
137 361 385 457 Anglo-Saxo
403 385 459 434 an.
485 384 594 455 1007.
617 365 649 436 ei
663 363 831 458 inscripsit
847 363 913 437 Im-

82 484 108 554 ’„
136 460 351 554 peratoriarn
391 459 733 560 Confirmationem)
771 463 917 534 exhibet

82 609 107 650 „
135 561 177 646 in,
205 558 303 630 calce
331 556 556 631 reconditum
589 558 752 631 ecclefiae
784 557 918 632 thesau-

83 681 108 745 ·„
133 677 241 742 rum,
280 654 340 748 qui
368 655 507 726 moveri
534 657 680 748 potuit,
718 655 816 729 &in
844 658 920 728 eius

83 794 110 841 ·„
138 752 340 824 recenslone
359 755 527 824 hambatior
542 759 677 848 quinque
684 752 814 845 sericos.
861 754 919 827 In'-

83 900 108 939 ‚,
138 850 263 946 telligo
294 870 360 943 per
393 870 454 920 eos
486 847 612 921 chartas
644 856 777 944 quinque
798 853 923 921 barraba-
996 904 999 916 .

81 996 109 1035 „
138 955 201 1019 tias
230 946 291 1018 seu
317 942 543 1040 bombycinus,
579 947 705 1041 quibus
732 943 919 1039 inscriptae

79 1093 106 1133 ‚,
137 1043 274 1142 fueript
310 1042 474 1115 fundatio
511 1041 656 1116 Ludolfi
695 1041 777 1139 (c),
809 1044 922 1137 Sergii

78 1188 107 1229 „
136 1139 363 1214 confirmatio
402 1137 488 1237 (d),
516 1139 662 1214 Ottonis
689 1139 828 1212 illustris
857 1140 923 1237 (e-

78 1276 109 1336 ·„
136 1239 251 1310 breve
277 1237 560 1327 recordationi,
598 1239 632 1310 &
659 1236 810 1333 Agapeti
839 1236 893 1333 (f

81 1390 110 1434 ‚,
137 1357 178 1408 ae
197 1334 368 1429 Johannis
387 1335 556 1426 Paparum
576 1335 771 1431 privilegia.
817 1336 922 1427 Papa·

82 1487 111 1528 „
138 1456 219 1507 rum
249 1434 388 1506 charrae
420 1431 511 1503 irrisu
534 1430 739 1504 Innocentii
763 1430 828 1504 ΠΙ.
855 1430 921 1530 (g)

81 1568 110 1624 ·„
137 1529 330 1622 descriptae
366 1527 448 1600 strnt
481 1528 518 1600 in
551 1528 770 1600 membranis,
824 1529 924 1626 Sigil-

79 1682 108 1723 „
135 1629 210 1700 lum
231 1625 378 1700 Abbatis
394 1623 617 1697 describentis
636 1622 790 1717 superest
807 1625 845 1698 in
862 1627 924 1698 de-

81 1779 108 1821 „
135 1724 268 1820 scripto
286 1722 455 1816 Johannis
473 1720 673 1817 privilegio,
719 1721 827 1818 Sergii
843 1723 921 1796 lite-

83 1875 110 1917 „
138 1823 185 1895 ris
209 1820 390 1913 descriptis
416 1838 497 1891 cum
522 1818 712 1910 diplomate
730 1817 924 1895 Ludolflno

83 1973 111 2013 „
139 1920 255 1992 altero
279 1917 386 1989 fimile
415 1915 561 2012 figillum
585 1916 657 1989 fuit
680 1915 771 1989 infra
793 1916 924 2002 subno-

81 2069 110 2111 „
140 2029 281 2105 tatum,
306 2014 414 2107 *quod
440 2029 559 2087 tamen
586 2012 770 2086 vetustatis
798 2015 924 2088 iniuria

83 2167 109 2206 „
139 2114 280 2188 decidit.
334 2109 525 2183 Chinenses
565 2123 716 2183 utuntur
753 2111 790 2182 in
825 2111 921 2184 hunc

82 2263 108 2304 „
139 2213 232 2285 diem
268 2209 385 2281 charta
417 2208 656 2300 bombycina,
692 2207 794 2279 cuius
821 2207 921 2306 infig-

86 2362 111 2400 „
139 2331 222 2384 nem
240 2293 374 2403 partem
392 2303 558 2400 poffideo.
588 2302 651 2402 (h)
859 2403 905 2474 A]

141 2543 174 2618 c)
201 2536 278 2622 Ejus
288 2533 389 2615 sorte,
399 2537 461 2680 βω·
475 2529 636 2618 Imperator
649 2528 742 2610 evafit
756 2550 805 2602 an.
823 2550 896 2612 922.

142 2623 175 2698 d)
198 2619 324 2681 Creatus
340 2618 384 2680 bic
427 2619 539 2697 antifer
555 2613 605 2680 M.
620 2631 651 2681 a.
667 2631 756 2692 1009.

126 2702 173 2780 (e)
196 2693 303 2775 Evasit
320 2695 477 2778 Imperator
490 2715 539 2761 an.
564 2712 654 2777 ¹039·

123 2781 186 2860 (t)
207 2779 269 2842 Hic
283 2774 491 2857 Pontificatum
504 2777 573 2839 iniit
592 2776 665 2854 94⁶·

122 2863 137 2936 (
161 2865 174 2942 )
197 2859 281 2932 Papa
293 2868 407 2922 creatus
419 2877 470 2922 an.
494 2857 581 2936 1198.

125 2879 173 3024 (ἶ)
198 2941 359 3023 Complures
383 2938 467 3001 libros
487 2938 519 2999 in
545 2937 639 3001 traina
657 2934 747 3010 seculo
770 2936 863 3020 nostro
883 2952 919 3004 ac

84 3026 249 3116 praecederit
268 3023 384 3103 excrjis
402 3015 530 3101 effervet
544 3017 588 3090 itt
602 3014 827 3104 Meermanrrus,
848 3039 917 3105 quo·

856 3114 921 3167 rum
