2018 3578
176 174 244 249 Dr:
271 173 395 246 Orto.
421 171 594 245 Cianum·
615 172 776 247 erran.
841 155 896 274 '9'5

105 377 137 445 5,
163 355 248 427 Item
258 351 686 445 solviDominOPraepofito
696 355 892 448 propensio-

161 507 186 543 „
211 475 253 523 ne
269 450 891 526 domusannoDominiMCCLXllll.
946 514 955 533 .

157 605 182 641 „
207 551 328 621 solidos
352 574 406 621 xx.
434 551 487 618 die
510 573 555 621 vt.
586 553 725 623 intrante
751 552 890 636 llladi03

157 703 183 739 „
207 646 241 722 ἃ
265 649 326 720 fuit
351 650 407 719 irie
427 669 529 717 armus
546 651 705 722 secundus
721 652 794 741 poli
809 675 891 724 con-

55 752 60 759 ’
154 749 405 835 „dodilonem

102 880 132 937 5>
158 847 242 917 Item
259 847 381 929 eodem
397 850 485 915 anno
504 845 644 917 secunda
661 847 714 915 die
732 847 888 920 exseunte

75 952 78 957 ’
97 1015 102 1025 ,
153 999 178 1032 ‚‚
203 942 398 1015 Novembre
414 942 495 1014 solvi
511 942 568 1014 fibi
587 946 708 1014 solidos
725 969 779 1017 xv,

101 1095 127 1131 ‚‚
154 1043 241 1114 Item
272 1063 361 1111 anno
393 1039 533 1111 Domini
561 1043 778 1116 MCCLXV.
805 1044 887 1114 solvi
964 1085 973 1099 ·

151 1196 178 1231 ‚‚
203 1142 358 1212 Domino
381 1138 558 1230 Praepofito
574 1165 637 1232 pro
655 1143 810 1231 pensrone
828 1145 888 1213 do·

154 1294 179 1327 „
206 1263 279 1310 mus
295 1239 348 1308 die
364 1263 394 1309 v.
410 1241 550 1310 intrante
568 1239 686 1310 llllndio
701 1241 821 1310 solidos
832 1264 887 1312 xx.

100 1393 127 1430 „
152 1339 238 1410 Item
261 1337 380 1406 eodem
399 1341 590 1426 annoeirea
607 1339 704 1406 finem
725 1342 888 1424 tertia-die

153 1490 178 1526 ‚‚
202 1436 357 1507 exleunte
380 1434 575 1524 Novembre
600 1435 694 1504 solvit
711 1435 887 1508 llrovanni·

151 1588 177 1623 „
202 1557 263 1605 nus
280 1532 462 1625 Praeposito
478 1532 602 1602 solidos
621 1540 675 1602 xv.

98 1731 177 1806 NB.
202 1730 326 1802 Manus
345 1732 469 1820 ubique
487 1733 603 1802 eadem
620 1731 683 1813 eli,
712 1731 803 1823 quod
821 1755 884 1803 vna

52 1857 89 1908 ac
111 1851 274 1924 perpetua
288 1830 481 1901 charaiieris
498 1829 625 1900 indoles
642 1831 773 1914 suadem
803 1851 885 1901 tenr-

52 1933 146 2024 poris
170 1949 283 2000 autem
311 1951 379 2019 quo
404 1929 475 1997 haec
502 1929 618 2019 scripta
643 1930 776 1999 suerunt
799 1935 883 2000 ratio

52 2026 199 2115 diversa,
217 2030 446 2116 proannorum
456 2026 579 2097 leil-ieet
590 2028 789 2110 diremtum,
810 2033 882 2117 qui·

52 2133 115 2200 bus
140 2149 179 2196 ea
204 2130 236 2194 in
262 2125 490 2218 ephemeridas
508 2127 575 2194 luas
593 2124 704 2195 retulit
722 2125 880 2213 seriptum

52 2223 177 2298 diversa
193 2226 280 2295 enim
296 2227 424 2294 occurit
439 2226 472 2293 in
488 2223 618 2316 fingulis
634 2224 654 2311 §
663 2223 694 2311 i.
712 2221 783 2291 Stili
793 2228 881 2294 acies

52 2346 152 2416 atque
170 2327 341 2394 atramenti
359 2320 464 2392 color.
515 2319 730 2414 Hincautern
749 2317 783 2391 dt
799 2322 883 2393 illud

52 2425 182 2496 uidetur
204 2421 349 2501 confici,
382 2438 495 2488 notam
522 2419 588 2490 scil.
611 2419 652 2488 de
674 2441 738 2509 qua
753 2424 881 2513 agimus

53 2521 289 2615 autographam
314 2518 393 2600 elle,
419 2518 602 2607 iisdemque
627 2517 700 2606 ipfis
715 2521 773 2606 qui
791 2521 822 2585 in
841 2542 881 2589 ea

53 2620 257 2712 iefignanrur
271 2620 362 2687 annis
375 2615 495 2685 Christi
510 2612 727 2685 MCCLXll.
742 2610 879 2710 &seqq

53 2718 173 2790 Sodici
196 2717 408 2807 adscriptam
434 2714 468 2782 id
490 2716 697 2803 quodetiam
715 2712 879 2786 charadie-
963 2724 966 2728 “

53 2820 88 2886 ris
104 2815 203 2909 ipfius
218 2818 333 2912 genius
348 2813 488 2896 indicam
515 2833 623 2902 neque
639 2813 726 2880 enim
742 2811 763 2880 st
779 2817 878 2905 l'crip-

53 2938 99 2987 :or
130 2913 259 3005 aliquot
288 2911 459 3004 postquam
484 2911 571 3005 gesta
596 2912 666 2981 heec
693 2908 763 2978 sunt
785 2917 877 2982 annia

53 3014 172 3092 Codiri
205 3013 395 3086 memoriter
429 3006 605 3170 adenotaliet
630 3007 804 3104 probabile
830 3009 877 3078 est

465 3138 487 3174 a
800 3119 878 3176 euni
