2018 3578
153 150 220 227 Du
245 145 567 246 caracam
589 145 755 227 Ltnara.
839 169 914 246 »ις

71 335 277 412 accedamus
293 334 452 420 accincti,
478 303 650 426 multoque
667 333 811 417 labore
801 355 834 403 m
851 333 918 404 illu

70 425 288 512 desudemus
339 431 468 504 Incidet
486 431 624 504 fortallis
640 435 780 525 aliquis
771 458 804 504 ιιι
820 434 919 505 chro-

69 537 195 621 „nicum
213 532 367 619 librum,
401 518 545 626 plurimo
570 531 629 602 litu
657 535 862 617 obduclum,
886 533 920 601 in

70 653 181 728 quo,
213 654 285 723 quae
308 627 349 700 ad
373 652 444 701 rem
469 631 610 700 nostram
635 631 783 714 faciant,
817 652 922 702 anno·

83 754 152 805 tata
171 733 383 843 reperiantur
418 728 482 797 Vel
502 727 694 823 detegetur,
720 730 809 820 apud
824 729 923 818 scrip-

73 816 197 908 'torem
219 831 418 917 antiquum,
448 825 571 911 locus,
605 827 687 896 olim
716 850 783 898 non
813 827 925 896 obser·

81 948 198 1011 vatus,
223 926 411 1021 negleiius,
438 927 515 1014 qui,
543 926 626 996 inter
651 925 844 997 diuerfliltmi
865 946 923 1019 ge-

79 1029 175 1117 neris
200 1025 283 1112 alia,
308 1025 421 1116 paucis
438 1024 517 1094 licet
536 1027 663 1111 verbis,
692 1044 797 1105 tamen
816 1025 925 1114 aliqua

76 1125 228 1222 lrabeat,
250 1144 323 1213 quae
349 1131 509 1208 materiae,
538 1126 570 1193 in
595 1146 660 1214 qua
682 1123 749 1214 jam
776 1125 926 1195 elabora·

78 1245 188 1315 mus,
229 1221 421 1292 illustrandae
462 1219 645 1292 inserviant.
699 1221 779 1294 Non
813 1225 946 1304 enim,

84 1321 147 1394 nist
178 1318 279 1403 casu,
313 1319 426 1391 duilus
457 1323 528 1404 est,
561 1324 750 1410 quicunque
778 1323 811 1391 in
836 1319 925 1391 Petri

85 1418 297 1493 Venerabilis
325 1440 439 1488 contra
459 1417 587 1488 ludaeos
601 1419 781 1509 opuscula,
809 1418 863 1489 ista
881 1418 924 1489 de

89 1520 185 1591 libris
209 1538 250 1585 ex
274 1514 387 1586 rasuris
413 1538 559 1584 veterum
580 1538 764 1607 pannorum
783 1519 927 1607 primum

77 1607 338 1711 deprehendit,
371 1614 434 1683 slve
459 1611 644 1686 Hadrianus
669 1613 815 1685 Valesrus
837 1615 927 1684 idem

79 1717 211 1809 suerit,
236 1713 300 1783 five
326 1712 417 1784 alius,
468 1712 641 1804 Similique
666 1713 768 1797 casu,
811 1735 853 1784 ex
878 1732 924 1783 ta·

91 1814 227 1888 bulariis
265 1812 479 1902 principum,
520 1813 702 1883 celebrium
737 1816 927 1893 ciuitatum,

91 1911 354 2000 familiarumque
370 1911 557 1997 illustrium,
584 1910 636 1981 vel
650 1911 849 2027 diplomata,
874 1905 928 1982 vel

94 2013 232 2094 litterae,
258 2009 403 2101 protrahi
428 2030 602 2100 poterunt,
628 2012 736 2102 qualia
757 2014 928 2102 cupimus,

93 2110 229 2204 majoris
253 2107 382 2194 adhuc,
408 2132 505 2200 quam
533 2131 606 2199 quae
628 2130 728 2193 nota,
755 2108 929 2179 vetustatis.
991 2163 997 2180 2

93 2210 150 2282 Ad
167 2209 233 2276 hoc
250 2226 359 2274 autem
376 2207 553 2298 plurimum
570 2207 755 2293 conducet,
780 2206 930 2296 quaellio·

95 2328 173 2381 nem
200 2304 241 2374 de
266 2302 361 2374 lineae
385 2305 504 2375 chartae
529 2305 744 2394 primordiis,
783 2308 931 2394 repetitis

88 2407 246 2486 vicibus,
271 2406 436 2475 recentius
463 2402 552 2474 fuille
575 2406 750 2496 agitatam,
776 2399 833 2488 dt,
857 2402 932 2474 Tau

93 2505 162 2598 jam
188 2496 392 2613 potilltmum
425 2524 556 2593 opera,
590 2502 677 2571 adeo
704 2502 930 2592 explanatam,

93 2531 403 2688 circumscriptam,
442 2623 477 2672 ut
502 2601 543 2670 de
568 2598 654 2670 illius
678 2601 709 2669 vi
733 2600 858 2696 ambigi
881 2599 932 2673 ul·

98 2702 284 2773 tetiusnon
304 2698 410 2786 poffit.
473 2730 476 2735 ¹
562 2736 568 2753 a

148 2795 232 2868 Haec
258 2815 347 2868 cette
372 2797 475 2869 evicit
496 2797 593 2867 nobis
617 2796 786 2867 videntur:
812 2795 933 2873 charta

86 2891 179 2970 ‘vere
207 2895 301 2964 lineae
325 2915 602 2976 monumentum,
629 2894 735 2965 saeculi
761 2915 816 2966 xrv
842 2899 933 2970 initia

99 2993 195 3088 quod
221 2989 490 3082 transcenderet,
522 2994 648 3066 nullum
672 2993 738 3066 huc
757 2991 856 3085 usque
877 2996 934 3067 da·

811 3094 933 3166 tectum
