2018 3578
85 183 140 278 7⁶.
221 162 809 257 pastinamus*

89 361 127 444 «Τ
127 383 147 431 e
164 363 350 449 mitterem,
368 385 467 457 quam
484 386 560 438 cum
575 364 628 434 his
645 364 766 435 litteris
783 360 907 432 habebit.

93 459 211 534 Nolim
238 482 347 532 autetn
369 466 412 534 ab
435 468 501 536 hoc
522 462 682 554 exemplo
698 462 752 534 Te
769 461 909 554 judicium

88 559 204 629 facere
222 560 388 650 qualitatis
404 567 525 634 chartae
542 563 629 632 illius
643 563 828 653 tempoti33
852 580 911 629 nan

91 656 290 735 tabelliones
308 683 381 731 -non
403 660 510 734 solent
528 666 575 732 uti
595 667 743 754 optima,
769 658 825 729 sed
840 680 914 728 eon·
956 744 958 749 ἲ

94 777 198 827 munt.

93 916 97 924 .
141 855 235 925 Idem
259 856 337 926 dico
365 857 405 925 de
430 856 609 948 specimine
634 857 771 927 Chartae
796 854 917 924 Saetaba

91 953 207 1040 lineae,
232 957 324 1045 qued
339 977 357 1022 a
373 977 426 1024 nte
441 957 611 1048 accepisti:
636 956 714 1024 nam
733 955 756 1024 fi
772 954 918 1044 inspicere

93 1053 238 1123 volueris
254 1053 358 1121 libros
375 1053 534 1123 Valentiae
552 1053 719 1145 intpteffos
736 1056 851 1145 primis
865 1051 917 1120 iliis

92 1153 213 1236 annin,
244 1151 365 1241 quibus
388 1152 452 1222 Ars
475 1150 737 1246 Typographica
762 1151 918 1221 excerceti

93 1253 222 1340 caepit,
257 1251 498 1320 animadvertes
526 1250 620 1342 nujus
645 1249 759 1344 Regni
785 1251 919 1318 chattnn

93 1347 214 1445 lineam
237 1348 521 1445 ptaestantiffintam
540 1347 651 1430 sense,
678 1370 746 1418 non
764 1349 867 1416 modo
883 1369 921 1414 ra-

93 1451 186 1518 tione
202 1448 313 1517 habita
327 1447 413 1519 illius
429 1451 605 1538 temporis,
623 1446 679 1517 sed
696 1450 797 1516 etiam
813 1445 920 1514 nostri:

94 1571 132 1620 u:
155 1544 267 1636 videre
291 1547 336 1616 est
351 1551 382 1616 in
397 1546 555 1639 Johannis
572 1545 680 1635 Papia
697 1544 922 1635 Comprehen-

97 1650 184 1718 sotio
209 1644 360 1737 intpteiio
384 1645 544 1714 Valentiae
570 1666 656 1714 anno
691 1664 797 1735 1475.
834 1645 865 1710 in
891 1663 919 1728 4.

95 1748 217 1815 chartae
234 1743 387 1835 majona,
406 1740 439 1815 &
455 1747 487 1814 in
505 1743 610 1813 fratris
628 1741 800 1812 Francisci
816 1741 921 1810 Xitne·

94 1847 141 1912 nii
164 1842 251 1909 libro
269 1841 448 1932 insca·ipt0‚
477 1839 616 1930 crastin,
644 1840 710 1910 hoc
728 1839 796 1924 est,
826 1839 923 1908 Citis·

93 1944 203 2021 nana,
236 1941 331 2007 edito
356 1943 456 2008 etiant
476 1940 636 2010 Valentiae
655 1960 743 2007 anno
768 1940 872 2028 1484.
895 1939 923 2004 in

96 2039 162 2110 fal:
175 2038 294 2107 chartae
310 2038 457 2128 tnajntis:
484 2060 627 2130 quornm
640 2035 804 2108 librorum
817 2037 922 2106 charta

92 2140 180 2212 linea
204 2138 254 2217 est,
272 2135 492 2221 firmifisfinta‚
525 2137 634 2221 laevia,
666 2135 762 2223 alba,
796 2132 922 2206 &cnm

96 2243 224 2341 optima
242 2235 341 2307 nostri
359 2238 419 2333 aevi
437 2235 668 2326 comparanda.
814 2312 816 2317 ,

101 2370 103 2379 ·
145 2335 201 2405 Ne
233 2335 313 2424 quid
344 2355 453 2406 autem
486 2335 753 2427 praetermittam,
789 2331 870 2408 scito
893 2333 922 2401 in

93 2433 253 2528 Hispania
273 2435 370 2502 etiam
386 2431 448 2502 effe
465 2432 653 2528 goffipintn:
682 2453 758 2500 nam
778 2454 845 2525 ego
864 2432 922 2498 hoe

95 2537 167 2624 ipso
187 2554 275 2604 anno
294 2529 420 2622 plantas
437 2533 537 2603 habui
554 2531 696 2600 hominis
714 2531 832 2598 statuta
849 2549 922 2620 pto·

95 2639 252 2707 ceriores.
279 2631 344 2701 Sed
354 2624 922 2724 quisunquamtlaudavithssipiuni

96 2734 130 2798 in
148 2727 307 2818 Hispania
323 2731 475 2802 textum?
492 2731 607 2824 itaque
617 2728 728 2798 charta
738 2747 779 2794 ex
790 2727 852 2795 hae
862 2747 922 2794 nta-

95 2830 177 2897 teria
209 2840 376 2915 nunquam
411 2830 464 2899 hic
488 2827 728 2919 fiabtieata’est.
780 2823 873 2895 Cura
890 2841 924 2892 ut

92 2923 202 2994 valeas
216 2921 315 3006 Tibi,
341 2922 376 2998 &
392 2925 602 3019 Reipublicae
612 2924 802 2995 vLittetatiae
818 2920 924 2992 oliva·

46 3061 51 3068 ·
92 3019 154 3096 ΙΙΙ.
202 3018 320 3105 Nonas
332 3021 438 3113 Julius
452 3020 908 3193 ΑιπιίῑΝὓὶθῦῐᾶΧΙΙἭΙΟ
918 3024 926 3088 .’
