2018 3578
122 163 185 235 Du
209 161 336 233 Outc.
361 154 718 234 Cusuerutm.
798 189 867 266 159

67 363 136 428 m,
176 342 297 432 quibus
344 339 518 429 alioquin,
562 342 671 432 copiis
709 344 867 427 abundat.

67 463 117 513 uae
139 460 249 510 tamen
275 441 316 510 de
332 437 388 508 illa
403 434 597 528 pauciffimis
616 438 759 516 versibus
775 468 869 523 com·

67 541 203 623 editur,
230 557 326 610 tantae
350 536 517 633 dignitatis
531 535 746 630 aestimantur,
773 567 808 618 ut
823 549 866 621 ad

67 638 164 724 dem,
196 636 316 708 etiamn
342 637 388 707 nil
412 631 538 703 definiti
561 633 715 721 statuant,
741 662 866 734 provo.

67 739 157 821 rint,
189 738 379 828 quicunque
412 732 497 802 hanc
517 734 681 803 recentius
702 740 867 832 agitaruut

67 831 294 906 ntrovetstam.
345 828 438 903 Vidit
468 849 605 920 quoque
639 831 865 916 iliusttiffimur

67 926 174 1025 affui,
204 953 268 1023 qua
293 948 363 1002 etat
385 931 504 998 mentis
527 931 620 1013 acie,
644 933 677 1001 iu
705 933 755 1006 his
778 960 866 1011 non-

68 1029 114 1101 ila
147 1032 299 1101 acutius:
335 1027 393 1121 (t)
418 1027 570 1098 viderunt
592 1031 690 1100 etiam
714 1037 864 1110 nudiores

67 1126 233 1201 :tutissimi
260 1126 435 1219 systematis
457 1125 662 1216 diplomatici
686 1131 796 1220 Galli,
822 1158 866 1212 ex

67 1227 168 1300 iituto
192 1226 236 1297 de
259 1227 381 1299 chartae
407 1222 537 1296 diverfis
560 1229 738 1320 generibus
760 1257 865 1330 agen.

68 1349 83 1396 ι.
143 1324 211 1395 Sed
240 1344 317 1396 cum
346 1345 415 1396 uon
445 1321 593 1411 eodem,
625 1327 719 1415 quod
748 1329 863 1406 Tuum

70 1445 110 1510 t,
136 1422 331 1518 sagaciiiime
357 1421 596 1505 Meetmanne,
622 1424 780 1517 confiliu,
806 1430 861 1503 sun

68 1520 240 1618 degerint,
267 1523 354 1592 vatia
378 1541 447 1591 non
462 1519 621 1612 attigere,
644 1544 718 1612 quae
733 1527 768 1595 in
783 1525 863 1600 Tuo

68 1625 147 1714 ipto
163 1618 336 1716 leguntur,
361 1614 454 1692 &ad
469 1634 541 1688 tem
555 1629 691 1692 omnem
705 1621 864 1701 illustran-

68 1742 100 1792 m
115 1717 281 1814 insigniter
296 1717 432 1791 iaciunt.

69 1819 160 1890 Sunt
180 1838 315 1910 quoque
330 1838 398 1888 non
413 1816 548 1888 minoris
563 1819 681 1910 pretii,
706 1819 863 1898 aTemet

68 1927 168 1989 imann
192 1916 381 2002 observata;
416 1932 452 1986 ut
474 1915 531 1987 ista
555 1913 766 2009 Imperatoris
790 1919 864 1995 Fri·

68 2019 129 2090 rici
161 2012 229 2101 11,
261 2016 303 2085 de
329 2017 537 2088 documentis
560 2016 704 2106 publicis
730 2041 798 2090 non
826 2024 862 2093 ln

68 2116 146 2189 artis
161 2114 388 2204 bombycinis,
405 2111 511 2194 sedin
528 2118 745 2200 membranis,
763 2120 861 2210 quip-

102 2214 225 2284 diutius
256 2212 397 2282 multum
427 2210 618 2297 duraturis,
652 2211 865 2287 conscriben-

68 2341 93 2398 t,
123 2309 234 2403 (Obs.
257 2332 291 2403 p.
317 2309 408 2401 4.):
438 2309 604 2398 equibus
630 2311 784 2384 universae
808 2312 860 2386 liti

68 2414 204 2482 trimum
233 2407 316 2483 lucis
337 2405 477 2480 accedit.
527 2405 629 2494 Alia,
663 2407 737 2480 Tua
761 2413 862 2483 inter·

69 2511 212 2582 etatione
238 2509 409 2591 adbibita,
438 2501 505 2596 jam
529 2503 684 2594 expedita
708 2509 861 2582 videntur

85 2607 205 2700 plana,
239 2626 338 2692 cum,
363 2605 577 2697 ambiguitate
600 2603 673 2690 sua,
699 2605 861 2680 diuersum

69 2704 153 2778 tsum
173 2705 393 2775 admitterent.
443 2699 587 2780 Maximi
602 2724 681 2773 veto
698 2704 765 2778 hoc
779 2708 861 2778 testi.

69 2827 181 2890 rmus,
213 2801 332 2894 quod,
366 2821 520 2890 tanquam
543 2801 577 2870 in
602 2801 732 2891 tabula„
765 2804 860 2898 quid—

784 2907 864 2996 quid

69 3003 112 3087 ῖς)
136 2993 542 3171 ῌὲονίαάῐρῑονηαιὶἱῗεξῦἕ·
563 3008 612 3074 77·
