2018 3578
167 163 232 241 Dr'
256 164 382 239 Oura.
410 163 575 238 eamr.
601 162 765 238 Lrutrr.
843 168 920 266 ἔας’

74 373 149 444 que
179 346 286 419 altero
325 347 433 418 adhuc
465 343 597 417 saeculo'
619 342 814 436 perdurasse..
863 346 920 423 Εἰς

75 473 150 542 quo
181 449 259 517 iicet
295 447 442 516 nondum
477 445 571 536 plura
608 447 746 514 derivari
774 466 915 534 queantt

74 537 231 638 proderit
253 566 381 630 tamen,
408 539 546 613 ista'non
568 543 747 636 negiigere.
789 543 914 617 Saitern

75 647 157 715 talia
180 645 368 719 rimantibus
391 640 544 736 fingam,
586 656 683 728 quae,
716 646 912 734 quacunque

75 746 236 827 ratione,
273 741 441 834 quidpiam
469 735 595 806 subsrdii
622 736 749 806 adferre
773 737 911 828 poffint,

75 843 109 910 in
134 840 230 909 lucro
265 831 395 929 ‚ponere
431 837 597 905 convertit.
646 835 786 904 Constat
818 857 908 909 certo

73 960 118 1011 ex
151 939 225 1019 his,
258 935 351 1025 cujus
373 937 470 1024 pretii
494 932 578 1018 fint,
611 955 684 1022 quae
710 934 751 1001 de
779 933 909 1007 officina

73 1037 236 1106 chartaria
261 1031 551 1122 Campidonenii‚
589 1052 676 1102 anno
713 1051 817 1126 1477.
851 1055 909 1105 ex·

70 1135 218 1219 structa,
259 1150 411 1221 tanquam
453 1131 598 1204 omnium
635 1131 910 1204 Germanicarum

69 1236 197 1323 prima,
230 1229 330 1329 aliqui
350 1229 502 1313 ¹habent,
537 1247 621 1317 quos
642 1231 676 1297 in
703 1229 831 1300 historia
854 1230 909 1303 sua

68 1329 228 1399 litteraria
261 1327 395 1396 adduxit
432 1325 617 1397 clariffimus
653 1321 823 1396 Fabricius.
850 1327 903 1423 (s)

68 1428 139 1499 Cui
170 1425 192 1494 fi
226 1426 306 1515 quid
337 1425 417 1494 inest
443 1424 600 1502 iabulae,
642 1421 709 1490 hoc
740 1423 907 1496 dumtaxat

68 1526 243 1607 existimo,
269 1525 407 1614 primam
429 1522 548 1591 chartae
575 1518 788 1590 conficiendae
805 1519 907 1591 offici·
933 1600 935 1613 κ

68 1647 170 1710 narrt,
197 1621 255 1691 ilio
275 1619 414 1690 'iortrffls
440 1641 526 1690 anne
549 1616 766 1708 Campidonae
788 1620 906 1692 consti·

68 1743 174 1794 tutam
191 1719 263 1798 effe.

74 1848 77 1855 ·
120 1818 222 1889 Ultro
247 1837 358 1886 autem
388 1816 485 1886 nobis
511 1815 750 1910 iargientibur,
786 1818 906 1890 chartae

68 1921 166 1996 iineae
196 1917 345 2006 parandae
376 1917 536 1985 rationem
570 1917 777 2003 bombycinae
801 1922 903 1989 modu

68 2017 278 2091 imitatricem
302 2012 412 2099 fuisse,
438 2035 512 2083 tum
538 2011 629 2082 illico
654 2013 802 2109 exsurgat
816 2038 905 2106 quac·

68 2118 156 2187 uio:
190 2114 231 2180 ab
252 2125 393 2200 quanam
424 2115 589 2201 praecipue
620 2131 719 2201 gente
745 2111 908 2184 Germani

68 2212 178 2292 nostri
192 2203 428 2299 puicherrimae
443 2211 520 2277 artis
552 2209 701 2296 ceperint
727 2213 903 2301 exempla?

68 2333 134 2383 non
158 2306 348 2398 possumus,
382 2309 460 2396 quin
480 2304 567 2375 Italis
590 2304 661 2373 iraec
685 2308 825 2376 maxime
848 2311 903 2378 tti-

68 2415 227 2487 buamus3
263 2403 416 2473 nimirum
442 2402 476 2478 (it
500 2403 641 2483 vicinia,
674 2400 766 2474 &in
789 2406 902 2476 charta

68 2506 269 2591 ‘nonrbycina
295 2504 429 2598 egregie
453 2493 724 2582 elaborantib'm,
757 2500 792 2572 ἃ
816 2504 902 2573 Ger·

68 2605 174 2676 marris
209 2599 354 2690 plurimo
381 2600 585 2670 commercio
624 2595 751 2688 juretis:
808 2599 902 2696 Quid

69 2705 156 2783 enim
189 2721 231 2779 ex
263 2697 447 2804 longinquo
481 2718 520 2767 ea
545 2715 758 2787 repetamus,
789 2722 902 2788 quaea

329 2799 332 2804 ’
738 2800 741 2807 ’
792 2802 904 2888 proxi·

103 2936 119 3014 (
126 2933 167 3013 s)
191 2928 293 3011 Antist
307 2930 384 2993 einer
397 2928 583 3012 uligemeiueu
593 2920 776 3005 Huirrreaer
785 2930 903 2996 Geren·-

69 3016 197 3087 turuletit.
234 3010 299 3119 ¹lter
312 3009 397 3082 Banu
407 3025 575 3183 pugngir
596 3006 675 3076 Πῑθῑ
690 3008 724 3078 3·
741 3022 810 3111 pag·
831 3031 903 3104 931·
