2018 3578
141 147 207 223 De
231 148 357 224 onte.
383 148 552 226 Cntttt.
574 149 741 228 Ltntn.
828 156 897 252 ¹⁶7

56 333 151 402 cium
186 330 374 404 faciendum
406 331 471 406 iit:
503 333 595 427 qnod
624 355 708 405 vero
732 354 797 406 tatn
821 333 900 406 scite

56 432 280 526 impugnasti,
304 451 475 525 utramque
491 433 617 505 codicis
634 433 746 505 saltem
759 454 901 530 apogra-

55 527 121 622 phi
146 528 208 602 effe
236 529 407 618 sustinens,
435 530 607 623 posteriori
631 552 705 604 aevo
725 531 900 623 descripti,

59 646 99 697 ut
118 625 185 697 hoc
201 629 356 724 exemplo
373 632 485 701 denuo
501 648 676 722 appareat,
701 649 821 722 quanta
837 633 902 702 cit·

59 725 308 818 cumspettione
332 750 418 821 opus
443 726 507 816 fit,
538 727 618 798 stin
642 726 693 798 his
716 730 798 800 certi
820 727 902 821 quid

60 827 152 894 tueri
170 825 321 899 velimus.

115 923 172 995 Ad
180 921 370 1018 Aristotelaei
382 923 657 1021 codititpingulam
666 923 758 1019 quod
767 927 903 1010 attinet,

60 1039 133 1097 non
157 1026 333 1118 negarim,
365 1025 486 1096 chartae
511 1025 733 1111 venustatem,
764 1045 808 1096 ne
830 1023 904 1119 ipso

61 1120 199 1218 quidem
217 1120 308 1193 senio
324 1123 454 1214 prorsus
469 1124 627 1211 antissittn,
645 1122 803 1216 majorem
819 1120 905 1196 mul·

63 1242 123 1308 to,
138 1240 236 1313 quant
251 1223 284 1290 in
299 1221 423 1315 reliqua
437 1222 548 1295 charta
561 1221 670 1294 seculi
682 1243 722 1292 xt
734 1243 771 1292 tt
787 1219 905 1316 Hispe-

62 1322 141 1392 nica
161 1339 234 1390 eant
250 1318 453 1410 deprehendi
472 1321 601 1393 testatus
616 1320 661 1391 est
677 1318 905 1392 eruditiffimus

62 1418 239 1505 Perezius,
256 1416 360 1510 (Obf.
377 1442 411 1511 p.
428 1418 519 1511 92),
535 1439 662 1510 nosque
679 1416 736 1510 ipfi
754 1439 827 1488 eam
842 1419 905 1488 ob·

65 1514 905 1608 servanut‚jnmsuspicionematiquanaddubitan-

65 1615 149 1687 dnnt
164 1616 314 1708 proniori
330 1635 475 1685 movete.
496 1614 619 1686 Vetnnt
634 1612 905 1704 nonparidexte·

27 1750 31 1758 ·
64 1718 185 1799 ritate,
199 1713 258 1786 nist
267 1713 344 1784 Tuo
354 1766 365 1800 ,
377 1713 616 1797 Meernnnne,
631 1711 905 1785 studioinlitterit

64 1809 256 1903 Hispanicis
272 1810 433 1900 versatus,
452 1812 502 1884 his
518 1811 627 1884 dubiis
644 1810 905 1906 seexpedivisset.

119 1910 275 1984 Schednlae
295 1931 406 1984 autent
427 1906 709 2005 Montispeffitlanae
726 1931 908 2005 propemo-
960 1902 965 1915 ’

66 2009 152 2082 dnm
174 2010 312 2083 caussam
337 2009 556 2103 susciperem,
589 2009 675 2080 adeo
696 2009 776 2080 licet
798 2012 907 2081 minu·

67 2130 133 2194 ιω,
164 2131 200 2182 ut
223 2109 349 2202 pollice
375 2112 442 2206 tegi
466 2107 570 2201 pnfftt.
620 2105 726 2204 Quod
748 2111 838 2178 enim
865 2124 909 2177 ex

67 2208 229 2298 scriptura
263 2211 386 2299 petitur
423 2227 681 2303 argumentum,
714 2225 783 2275 non
814 2206 908 2279 omni

68 2309 274 2397 exceptione
291 2304 394 2398 majus
411 2303 475 2373 est:
500 2324 576 2374 cunt
595 2301 651 2374 iila
667 2305 700 2373 in
718 2301 910 2386 nonnullis,

68 2425 117 2478 ne
149 2403 258 2478 seculi
288 2403 423 2499 quidem
453 2399 652 2484 intervallo,
683 2398 840 2488 differat3
873 2404 908 2474 itt

68 2502 145 2575 aliis
165 2524 246 2576 veto
269 2503 511 2585 monumentis,
535 2501 656 2570 eodem
679 2497 715 2572 ἁ
737 2498 817 2570 loco
833 2519 910 2576 exa·

68 2603 176 2688 ratis,
215 2605 296 2672 mira
333 2599 596 2694 deprehendatur
626 2597 801 2668 divetfitas.
834 2593 907 2693 (f)

67 2699 176 2771 Certe
216 2700 397 2774 litteratum
428 2697 497 2770 sete
528 2695 666 2768 eosdem
697 2694 839 2781 duitns,
874 2699 908 2769 in

847 2794 910 2866 do·

115 2918 176 3001 (f)
199 2918 234 2985 td
248 2918 351 3003 qnod,
376 2917 412 2982 de
421 2913 527 2997 Ptogt.
546 2908 760 2996 anongotti,
781 2912 810 2976 in
826 2917 908 2978 relat.
981 2966 993 2980 ,.

69 3002 181 3068 uostris
201 3000 365 3077 litterariis,
392 3013 565 3078 exponens,
593 2992 719 3058 monuit·
738 2993 909 3062 Gatterertn

66 3085 180 3153 noster.
205 3082 298 3160 (ΟΜ.
312 3100 340 3164 p.
356 3083 411 3161 44)
