2018 3578
83 156 151 253 ¹⁵⁸
232 149 807 227 Ossanvtrronss

87 330 320 430 diplomatici,
352 332 388 399 in
421 323 532 397 Gallia
562 326 791 416 prodeuntis,
827 325 850 398 is

88 437 203 509 locum
228 427 331 499 modo
354 426 397 496 de
413 426 526 495 charta
541 423 648 511 linea,
677 447 779 515 quam
794 430 851 518 quit

90 533 192 603 verba
222 528 381 598 denotare
411 524 591 608 videntur,
624 526 833 616 interpretati

90 629 203 703 Tanto
241 627 342 720 igitur
380 624 486 694 minus
526 625 710 710 miramur,
760 625 851 696 homi

90 728 233 801 historiae
249 725 397 815 alioquin
413 720 568 792 universae
583 721 672 791 haud
689 723 851 819 vulgaris<

93 832 140 899 tia
165 824 345 919 praeditos,
373 820 431 891 sed
453 822 494 890 ab
522 819 667 912 ipsorum
695 843 848 915 veterum

91 942 324 1001 camentorum
372 917 580 1010 usurpatione
623 939 804 1008 remotos,
849 922 851 988 ἶ

93 1027 234 1106 charte,
259 1040 302 1090 ex
323 1019 477 1089 ramentis
499 1014 704 1112 gossypinis,
729 1020 799 1091 srve
820 1019 852 1091 sir

94 1121 239 1206 effeeiae,
253 1116 468 1189 diversitatem
485 1117 537 1185 vel
553 1115 733 1210 ignorasse,
748 1117 852 1190 velals

95 1245 135 1295 ac
150 1216 349 1304 debuissent,
375 1216 486 1285 animo
501 1213 698 1306 concepisse.

146 1317 296 1390 Ulterius
317 1312 453 1386 nervosa
478 1311 631 1404 succique
654 1311 757 1404 plena
774 1317 852 1388 brev

95 1418 314 1489 vehementer
336 1412 488 1484 deleuati
513 1410 643 1498 sumus,
667 1432 735 1503 qua
759 1414 805 1487 de
826 1414 853 1486 cl

97 1515 262 1612 sigillatim
287 1511 393 1595 linea,
419 1510 570 1602 illiusque
585 1512 780 1603 principiis,
805 1533 853 1586 eat

98 1615 254 1702 detesto,
291 1610 483 1693 disseruisti,
515 1606 655 1680 successu
683 1611 824 1702 quidem

97 1711 219 1796 felici,
247 1729 284 1782 ut
315 1728 415 1801 quem
447 1705 527 1778 Tibi
555 1709 590 1780 in
617 1729 660 1778 eo
684 1731 853 1803 comparer

100 1811 306 1881 inveniamus
336 1807 514 1878 neminem.
567 1805 778 1880 Mabr'ssom‘us
805 1808 853 1882 san

99 1901 359 1997 Monrjsuuconius
382 1906 503 1976 chartae
527 1907 631 1975 varias
655 1903 786 1998 species
808 1908 853 1980 as

100 2007 210 2076 vicem
233 2002 339 2094 probe
361 1999 579 2074 secreverunt.
628 2002 720 2077 Cum
745 2030 831 2079 vero

101 2124 169 2198 que
198 2099 287 2174 Petri
312 2098 544 2187 Venerabilis,
575 2099 708 2193 judaeos
736 2105 852 2182 deride

102 2206 138 2274 in
170 2201 450 2275 commentatione
482 2218 596 2271 contra
621 2203 790 2288 eosdem,
824 2227 854 2277 ιιι

104 2319 276 2392 tantopere
308 2297 501 2384 celebrata,
535 2296 577 2368 de
607 2298 730 2372 chartis
760 2324 806 2375 ex
829 2325 854 2373 ra

103 2416 256 2470 veterum
287 2417 471 2488 pannorum
495 2399 699 2490 compartis,
733 2400 778 2470 ad
802 2402 854 2473 lio

105 2518 172 2588 qua
212 2496 314 2567 hodie
351 2499 500 2581 utimur,
534 2499 690 2568 traxerit:
725 2498 827 2590 hujus

105 2595 149 2664 ad
173 2593 326 2667 saeculum
351 2615 426 2665 xrr.
450 2591 623 2664 reserenda
644 2595 848 2685 statueruut3

105 2689 148 2760 iis
181 2692 262 2766 iicet
290 2693 550 2785 speciminibus,
583 2712 658 2765 ante
679 2713 779 2778 xiv.
815 2698 855 2770 ab

106 2787 183 2879 ipsis
206 2790 330 2882 uspiam
346 2791 492 2864 detesiis.
543 2789 708 2864 chronicon
725 2814 813 2867 vero
828 2793 855 2867 G

107 2883 215 2975 cenſs,
232 2887 407 2959 vditissimus
434 2891 572 2961 omnino
588 2888 781 2964 feretratum
798 2896 855 2967 obs

108 2983 237 3057 tionum
270 2983 463 3075 thesaurus,
495 2990 530 3060 in
556 2990 619 3061 hac
641 2993 780 3068 materia
805 3013 856 3068 ιιοι
