2018 3578
89 98 140 175 ⁶0
213 61 804 174 ·'Ors'an'ra'arorrra

93 328 96 334 -
137 273 249 372 Quam
264 276 381 349 'ufitata
404 300 513 353 autem
538 302 682 373 papyrus
701 270 782 351 effet
805 270 906 349 inboe'

89 395 195 471 regno
219 375 400 461 Valentia,
435 380 602 450 declarant
625 378 697 470 ejus
721 376 835 472 leges,
856 376 908 446 sne

90 469 197 559 Furi,
238 479 295 565 qui
318 479 519 573 promulgati
544 476 678 550 fuerunt
701 498 793 546 anno
820 493 909 565 1250.

88 573 138 641 uti
155 573 282 644 constat
306 597 348 643 ex
370 574 580 667 inscriptione
606 574 669 644 fori
701 595 731 645 1.
753 575 911 664 inquibus

86 665 245 761 frequens
270 672 307 744 fit
330 677 454 743 mentio
479 675 607 765 papyri.
657 670 746 743 Nam
763 666 841 764 farn
869 676 912 744 aa.

88 769 214 839 rubrica
239 791 297 860 34.
327 771 363 841 de
389 771 476 842 leuda
501 768 543 851 &
567 767 750 863 husinlugr,
788 766 912 839 ruirrer

90 867 176 937 drers
199 866 303 951 reaia,
330 867 401 939 arie
425 870 597 956 carreriam,
623 871 676 940 ria.
701 863 767 938 IX.
784 866 912 962 legitur,

90 985 175 1034 caua
195 965 230 1034 dr
249 983 344 1058 puper
368 984 475 1057 quarm
497 964 597 1062 strar,
635 970 700 1037 hoc
725 964 800 1049 eii,
832 959 913 1054 rapsa

84 1064 198 1156 papyri
221 1081 348 1154 quatuor
361 1063 487 1157 fhiidus.
548 1065 584 1136 In
599 1060 675 1158 fura
701 1085 758 1133 aa.
790 1061 914 1155 ejusdam

90 1163 221 1230 rubrica
241 1184 297 1249 34.
325 1161 379 1232 lib.
399 1160 461 1231 IX.
486 1165 543 1234 ubi
567 1167 674 1258 agitur
693 1162 731 1232 de
752 1159 913 1254 bnstuiargr

91 1256 226 1349 (triburi
243 1258 373 1351 specie)
390 1262 529 1346 dicitur,
555 1258 821 1352 curabamur,
844 1250 914 1351 dorse

90 1358 214 1442 diuers,
241 1359 386 1443 boecii,
410 1357 501 1453 capsa
515 1363 644 1454 papyri,
671 1357 914 1428 duodecimum·

92 1456 188 1528 maius
204 1479 308 1528 urens.
360 1457 397 1528 ln
415 1459 536 1529 eodem
551 1455 628 1550 forr
647 1477 702 1528 aa.
723 1456 849 1525 rubrica
868 1473 915 1544 34.

93 1555 166 1626 iibri
183 1555 238 1626 IX
261 1554 363 1650 padua
380 1555 414 1624 de
431 1554 752 1649 praeeminebam,
769 1571 916 1650 utputo,

89 1656 192 1748 pb‘egn
207 1655 243 1725 rie
260 1655 365 1749 popel)
383 1678 419 1724 no
435 1655 509 1724 dane
524 1654 614 1729 alcun
625 1671 753 1748 perurge,
775 1652 843 1722 hoc
861 1644 917 1731 est,
964 1736 966 1741 Ι

93 1775 161 1823 non
187 1751 289 1824 solvar
310 1752 431 1844 aliquod
454 1751 627 1844 pedagium.
680 1750 716 1824 Iu
746 1749 918 1843 privilegiu

95 1853 155 1939 46.
169 1849 286 1942 Jacobi
303 1849 327 1919 l.
344 1852 421 1920 duro
437 1874 524 1920 anno
547 1871 649 1942 1251.
666 1844 854 1944 legitursol.
874 1865 919 1932 15.

95 1950 151 2020 cal.
176 1973 205 2021 1.
223 1969 327 2042 ¹carga
351 1944 395 2017 aa*
406 1965 501 2041 perper
518 1949 603 2018 doner
620 1947 691 2016 duur
698 1943 835 2042 solidos,
860 1943 919 2014 hoc

94 2048 161 2134 est,
188 2070 271 2134 orius
287 2051 401 2139 papyri
418 2048 605 2118 contribuat
621 2045 704 2114 duos
719 2043 854 2114 solidor.

144 2146 268 2216 Verum
293 2149 325 2216 in
349 2147 460 2238 primis
483 2143 699 2215 memorabile
723 2142 769 2212 est
791 2137 920 2211 Privile·

95 2244 186 2334 giam
215 2262 270 2334 17·
291 2243 380 2314 Petri
402 2243 534 2314 secundi
548 2247 635 2313 inter
650 2239 867 2323 Valentinos,
891 2233 921 2308 u

95 2341 201 2431 quarti
223 2341 316 2408 inter
337 2343 528 2434 aragonum
552 2339 694 2435 Reges,
728 2337 821 2428 qnod
845 2340 922 2406 inte·

97 2461 190 2531 grum
216 2439 271 2527 hic
301 2435 508 2526 describam,
542 2442 618 2530 quia
641 2435 727 2507 forte
752 2431 837 2506 illud
859 2452 922 2504 non

96 2537 234 2608 iubebis
256 2536 296 2608 ad
323 2557 472 2612 ananum.
528 2538 585 2609 Sic
609 2554 719 2611 aurem
747 2532 921 2614 sehabet,

85 2631 150 2732 sai.
172 2641 250 2704 106.
275 2634 330 2704 coi.
355 2656 389 2717 a.
898 2628 919 2644 ''

148 2783 172 2819 „
196 2730 244 2827 Q'
266 2736 398 2822 papirus
421 2733 563 2807 valentio
580 2731 614 2806 δι
629 2734 736 2803 xurive
752 2730 925 2801 reducatur

98 2879 131 2916 ‚‚.
150 2829 192 2898 ad
207 2830 347 2899 formam
362 2837 552 2924 antiquama
576 2831 619 2902 al’
639 2829 823 2902 mostazaffii
839 2825 925 2898 exiri·

98 2976 124 3016 „
149 2946 227 3024 gant
244 2947 345 3018 penas
360 2949 399 3000 ut
415 2933 457 3003 de
474 2930 544 3006 aliis
560 2929 739 3003 fraudibus.
864 3020 889 3094 P

130 3070 136 3083 ‘
816 3076 841 3112 rr
893 3039 923 3092 θ’
