2018 3578
94 194 152 288 232
224 168 820 262 <Otrstrttvnrronrs⁷

95 368 223 442 ‹Refert
243 388 352 438 autern
370 388 445 437 cunr
463 372 604 439 maxime
621 389 696 438 earn
713 368 826 450 nosse,
848 380 913 460 quie

95 489 145 540 -ex
165 468 274 538 linteis
298 466 360 536 iilis
381 468 413 534 in
434 465 530 536 frusta
553 467 644 536 sectis
665 489 700 537 et
723 470 755 536 in
780 468 913 536 mortario

93 566 213 656 laliqoo
236 585 297 656 per
318 563 472 655 pistillum
498 567 648 637 contritis
670 584 772 654 atque
798 569 831 635 in
849 583 914 656 aqua

55 747 58 751 Ι
92 664 274 733 *maceratis
305 665 339 732 in
371 660 507 731 modurn
542 663 642 755 pultis
674 661 782 734 forma
815 663 914 734 idonea

99 761 245 834 hauritur
264 781 297 831 et
313 761 354 832 ad
370 762 479 830 adirem
496 761 686 833 enitentur.

456 955 487 1045 i·
513 955 565 1029 11.

90 1192 100 1210 ·
147 1157 193 1228 Vt
218 1153 366 1222 omnium
381 1153 498 1222 artium
517 1153 644 1222 initium
662 1152 765 1239 rude,
792 1153 914 1226 exileet

94 1253 259 1347 (impleat,
291 1252 335 1321 ita
364 1269 399 1320 et
428 1252 613 1344 gignendae
639 1251 773 1325 chartae
797 1253 914 1324 linteae.
955 1307 957 1367 χ

95 1351 297 1425 Montanium
322 1366 357 1418 et
379 1349 534 1438 pistillum
559 1371 643 1440 opus
666 1349 713 1419 est
731 1352 773 1421 ad
790 1373 916 1424 contun·
955 1372 957 1401 ¹

93 1450 203 1522 denda
230 1447 418 1521 linamenta.
468 1445 668 1516 Manibusne
691 1469 803 1520 autem
829 1473 867 1521 an
889 1449 915 1519 ti

93 1563 201 1642 aquae
234 1547 365 1618 ventiue
397 1542 534 1636 pistillos
566 1565 772 1635 moueatur,
811 1568 913 1641 parurn

89 1645 239 1718 interest.
288 1641 454 1716 Nam-vel·
465 1644 561 1733 prisci
580 1643 676 1712 molis
692 1667 844 1717 carentes
859 1645 912 1715 fru-

91 1746 243 1816 mentum
261 1744 293 1812 in
310 1741 392 1832 pilas
408 1740 538 1810 missurn
554 1741 677 1832 pistillis
696 1746 877 1815 tundebant
887 1761 914 1812 et

94 1842 266 1922 terebant,
289 1840 376 1907 vnde
400 1838 531 1928 pistrina
547 1839 627 1909 olim
645 1859 710 1909 tarn
728 1841 913 1934 frequentia.

92 1938 183 2010 Cum
207 1956 287 2006 veto
314 1935 347 2004 id
371 1938 468 2005 nimis
489 1936 607 2008 multas
623 1958 738 2010 manus
754 1940 913 2031 posceret,
955 1934 957 2023 i

90 2056 178 2129 quae
203 2033 246 2105 ad
268 2033 329 2103 alia
352 2033 460 2103 vtilius
482 2034 715 2120 adhibendae,
752 2041 913 2128 cariusque
955 2046 957 2052 '

91 2136 244 2220 stabant,
283 2133 325 2202 ad
352 2130 456 2202 molas
484 2133 690 2203 exstruendas
714 2135 913 2232 progressum

91 2234 139 2302 est
171 2235 243 2318 ita,
280 2251 315 2300 vt
347 2231 434 2300 circa
468 2251 613 2300 rotarum
645 2229 772 2303 frontes
798 2234 913 2304 adfixae

91 2332 240 2424 pinnae,
274 2350 350 2398 cttm
382 2330 423 2398 ab
457 2330 585 2419 impetu
609 2324 751 2400 fluminis
778 2350 912 2402 ventoue

88 2427 345 2531 percutiuntur,
382 2427 631 2520 progredientes
664 2447 771 2498 rotam
806 2421 913 2498 versari
955 2488 957 2497 .

91 2545 225 2623 cogant.
275 2519 385 2594 Nasci
410 2525 510 2618 igitur
542 2526 652 2616 potuit
682 2527 794 2598 charta
819 2526 912 2597 lintea

69 2713 71 2718 .
92 2645 192 2715 opem
216 2625 303 2695 haud
320 2622 445 2694 ferente
462 2621 561 2692 mola.
613 2622 698 2694 Sane
714 2645 820 2718 aeque
836 2619 913 2694 haud

92 2721 264 2814 indignum
304 2721 577 2814 inuestigatione,
614 2722 747 2813 quando
786 2723 911 2791 demum

92 2820 180 2887 mola
221 2820 325 2907 prima
366 2817 592 2890 conficiendae
629 2820 762 2891 chartae
798 2819 910 2889 linteae

87 2911 189 2986 doerit
209 2909 408 3002 constratis,
432 2937 542 3006 quaue
558 2919 685 2988 ratione
702 2921 805 3012 magis
820 2935 910 3008 atque

86 3014 194 3111 tnagis
216 3009 352 3100 cultae,
386 3032 423 3086 vt
444 3013 552 3086 nostra
575 3035 681 3091 aetate
700 3017 742 3090 ad
755 3015 910 3090 summum

83 3142 87 3149 ¹
126 3150 149 3167 ··
845 3129 910 3208 pet·
