2018 3578
93 196 140 276 52
226 175 800 255 Onsaavaatonae

94 366 138 436 ab
161 352 307 457 Eugeoii
330 361 417 430 tertii
440 358 536 431 Bulla
553 360 595 432 ad
609 360 814 435 Mummbes
827 358 909 434 Tota

94 482 190 533 tanos
213 458 375 549 descripta
397 480 416 527 a
438 454 617 532 Cardinale
638 463 821 558 Agnitio,
850 480 912 532 sams

93 559 164 632 m.
194 556 352 627 Conciliat.
375 555 506 647 Hispan.
530 575 605 650 pag.
630 565 714 641 262.
744 562 802 630 ubi
817 561 912 635 litterae

93 655 252 730 Gothicae
265 653 388 725 nullam
406 657 608 726 mentionem
623 655 805 752 Eugenius
815 658 897 729 fecit.

141 752 354 850 promulgata
393 749 456 822 fuit
497 753 553 824 iila
591 758 783 845 prohibitio
811 759 916 828 eodem

92 875 211 938 anno,
241 872 312 943 quo
335 851 422 920 obiit
447 848 559 922 Garssa
581 850 684 938 Rex,
715 853 786 925 Era
809 855 918 927 scilicet

96 972 203 1042 ¹¹29·
221 970 290 1020 non
311 968 392 1040 117.
411 967 447 1018 ut
463 971 686 1042 pererratam
703 951 917 1048 tegiturapua

90 1049 299 1123 liudericum
321 1043 549 1134 Tolosanum,
584 1047 659 1118 Lao.
685 1049 752 1122 VI.
777 1068 843 1143 cap.
869 1073 915 1142 30.

91 1147 182 1223 Nam
206 1143 318 1216 Lucas
338 1142 500 1217 Tudenfis
522 1168 567 1217 eo
590 1149 789 1239 antiquior,
822 1148 915 1244 Regis

90 1241 215 1319 Garfiae
244 1244 402 1328 obitum,
441 1240 691 1316 &Concilium
716 1244 915 1344 Legionense

91 1347 159 1416 hoc
184 1342 286 1412 modo
307 1340 506 1432 conjunxit,
547 1356 626 1414 tama
649 1342 713 1416 IV.
739 1362 816 1439 pag.
847 1367 914 1418 sot.

90 1442 255 1537 Hispania
271 1433 451 1532 illustrata.
502 1435 577 1512 Rex
592 1458 697 1515 autem
714 1440 845 1533 Garfias
857 1467 914 1515 cam

91 1544 210 1614 oeteirat
234 1538 435 1632 aeganem,
478 1539 511 1610 ia
535 1539 669 1612 iatiaere
693 1557 833 1615 mortuas
861 1539 913 1632 cll:

91 1643 179 1732 rapas
185 1636 302 1732 funeri
317 1637 416 1707 ambe
422 1628 544 1730 sorores
562 1691 573 1724 ,
607 1638 733 1710 Ueraca
746 1637 863 1727 scilieet
879 1635 914 1720 il

91 1734 227 1832 Gelapra
247 1756 331 1808 more
355 1731 458 1826 Regia
478 1751 687 1823 occurrentes,
720 1733 768 1818 ἐξ
791 1736 915 1810 Reaeria

90 1833 243 1906 Romana
276 1827 424 1918 Eaclcfiae
453 1832 600 1925 Legata,
632 1836 684 1926 qai
705 1834 810 1931 pastea
837 1837 915 1930 Papa

89 1927 220 2031 piractus
234 1924 280 2025 cll
288 1979 301 2014 ,
318 1923 360 2007 Θ
373 1950 442 1998 cam
459 1930 615 2003 Bemasda
634 1929 781 2006 Toletano
796 1935 914 2011 Arabia·

86 2028 227 2129 piscopo‚
259 2026 387 2120 aliisque
412 2030 718 2122 comprovincialibus
741 2031 913 2128 Episcopis¹

90 2130 134 2214 δ”
162 2127 339 2204 Abbatilms
367 2122 521 2218 Sporadum
543 2122 748 2216 celebrabat,
783 2133 916 2202 amolior

85 2230 223 2326 praepos
237 2225 345 2299 aalma
360 2219 606 2313 Deosalatarem
620 2223 748 2321 hostiam
760 2225 914 2322 oſjfeeeo·

89 2330 173 2412 las,
207 2342 314 2416 corpus
333 2324 402 2414 ejus
426 2323 459 2393 itt
480 2322 583 2396 eadem
600 2324 675 2396 orbe
690 2346 760 2396 cam
776 2329 915 2421 partibas

80 2424 152 2522 sais
183 2419 352 2516 sepultarae
390 2417 550 2512 honorifice
584 2421 807 2510 tradiderunt,
854 2425 915 2498 Era

89 2515 292 2598 MCXXIX.
341 2517 383 2593 Ia
411 2521 559 2610 pradilia
587 2542 661 2592 vero
690 2521 812 2616 Synoda
844 2522 914 2594 eleo

79 2621 260 2720 sacerdotes
273 2618 311 2690 ale
326 2614 399 2688 ctae
416 2615 575 2689 Catholisa
589 2619 790 2712 colloquentes
801 2617 914 2713 [latae-

90 2735 181 2806 root,
207 2733 242 2789 ot
257 2713 427 2810 sarmatiam
444 2715 585 2808 regulam
602 2716 698 2789 Beati
717 2713 827 2811 lfidori
845 2722 914 2790 liis·

88 2809 222 2914 paleafis
247 2815 476 2907 archiepiscopi
499 2810 723 2909 Ecclefiaslica
751 2811 871 2911 Officia
884 2821 914 2887 ia

89 2912 248 3009 Hispania
279 2927 469 3001 regeremur.
519 2912 704 2986 Stataeeaat
725 2917 852 3002 etiam,
883 2927 914 2984 at

90 3015 260 3108 Scriptores
281 3007 319 3081 de
341 3025 452 3085 cetera
470 3008 627 3087 Gallicam
642 3012 785 3089 litteram
797 3010 914 3108 scribe·

829 3122 913 3201 rem,
