2018 3578
125 164 191 240 Do
214 165 343 238 Ottro.
367 161 536 237 Crrnttn.
559 160 722 235 Lanam.
777 149 867 255 '163

62 335 138 433 sset,
163 346 218 421 vel
239 344 302 418 suae
318 339 354 420 δι
369 344 573 430 amicorum,
599 348 631 415 in
648 339 761 434 priscis
776 340 870 411 codi·

62 452 131 520 {bus
156 449 304 538 apprime
326 443 548 529 venatorum,
572 441 650 514 fidei
673 441 708 514 id
725 440 870 512 dandum

62 541 270 640 <postulasset
319 542 445 614 Verum
467 542 575 612 noluit
597 541 787 612 austeritate
814 537 869 612 sua
973 578 975 582 Δ

62 646 127 719 ruti
155 641 215 715 Vir
238 644 402 734 optimas:
427 659 576 730 veroque
598 639 747 709 eruendo
772 642 869 713 unice

62 762 206 829 tentus,
239 739 388 811 Tibimet
416 736 520 808 libere
542 735 709 829 judicandi
733 735 868 810 faculta-

62 862 102 913 ιω
134 839 294 932 reliquit3
327 834 544 927 eamdemque
572 839 714 928 antiquae
746 835 867 914 chartae

62 939 230 1035 elintegra
243 934 345 1020 folia,
371 931 425 1005 vel
441 932 606 1030 segmina,
628 932 769 1028 operose
786 956 867 1008 con·

62 1041 225 1122 nitendo,
258 1053 356 1126 atque
389 1031 495 1105 oculis
525 1032 608 1106 Tuis
643 1033 866 1130 subjiciendo,

62 1139 149 1207 navis
162 1138 289 1207 ratione
304 1130 446 1206 suffulfit.

81 1233 181 1323 Iam,
213 1232 272 1303 suo
296 1232 438 1319 ordine,
470 1253 582 1304 coram
608 1255 662 1303 me
689 1233 760 1304 haet
784 1239 866 1306 anti·

62 1336 166 1405 nitatis
191 1351 404 1404 monumenta
421 1331 566 1422 expofita
579 1330 710 1423 jacent3
737 1334 866 1425 saepitrs·

62 1453 98 1503 re
128 1429 346 1524 perlustrata,
379 1449 500 1500 novam
527 1447 635 1499 tamen
660 1428 865 1521 voluptatem

62 1530 143 1615 tihi,
177 1529 292 1599 eadem
315 1528 426 1597 denuo
447 1526 670 1616 perlustranti,
704 1528 865 1600 adserunt.

62 1628 146 1699 {abet
175 1630 328 1698 nimirum
359 1622 470 1694 nescio
494 1626 573 1717 quid
593 1624 736 1721 jocundi
748 1680 759 1713 ‚
791 1650 865 1719 qnae

62 1730 180 1798 rimum
207 1726 311 1808 subit,
344 1725 524 1818 cogitatio,
558 1722 610 1794 hic
635 1726 741 1797 oculis
763 1731 866 1798 mani·

62 1836 161 1916 usqae
177 1826 259 1895 meis
285 1820 448 1913 usurpari,
473 1843 546 1913 quae
570 1845 675 1915 nuper
697 1825 806 1899 adhuc
830 1829 864 1899 in

62 1921 240 1995 ibliotheca
265 1918 448 2007 Toretana,
476 1919 711 2012 Escurrarem,
734 1925 865 2022 Majan·

62 2027 136 2114 ique
159 2020 282 2092 servata
306 2017 448 2091 suerunt.
498 2018 658 2108 Contuli,
693 2027 796 2098 statim
820 2031 864 2099 ab

62 2124 150 2201 titio,
176 2139 296 2210 opera,
322 2140 387 2209 qua
409 2118 540 2205 decuit,
566 2125 705 2192 maxime
723 2128 866 2211 intenta,

62 2240 110 2291 rm
127 2216 259 2312 fingulis
277 2215 364 2287 hisce
382 2216 548 2307 reliquiis,
566 2213 601 2289 δι
617 2223 867 2306 quaedeiisdem

62 2315 235 2388 ruditiffimi
266 2311 403 2404 Hispani
435 2314 702 2409 contenderunt,
737 2319 868 2416 &quae

62 2440 91 2488 >s
116 2413 189 2501 Te,
221 2410 398 2485 acutissime
421 2410 659 2501 Meermanne,
687 2418 729 2491 ad
753 2424 868 2495 eadem

62 2535 127 2586 rere
153 2510 325 2602 rescripta:
353 2509 567 2582 recentissime
591 2534 674 2589 vero
688 2540 779 2592 novo
794 2542 870 2592 exa—

62 2614 115 2683 tini
146 2609 270 2702 subjeci
303 2609 435 2706 singula.
492 2607 531 2681 In
561 2609 611 2680 his
641 2637 751 2688 autem
775 2617 870 2692 fateri

62 2731 174 2793 tneor,
200 2730 254 2778 me
278 2706 437 2799 cujusque
461 2707 581 2779 chartae
603 2710 715 2786 indole
732 2715 870 2796 sollicite

64 2810 212 2902 dagam,
245 2800 312 2890 ἃ,
346 2808 381 2874 ni
420 2810 558 2877 nimium
595 2813 674 2884 mihi
709 2818 870 2911 tribuam,

64 2929 143 2978 ente
181 2905 289 2997 probe
321 2924 506 2997 percepta,
539 2907 572 2974 in
596 2903 702 2984 Tuam
727 2914 769 2988 de
795 2940 873 2990 unt.

62 3025 163 3096 raque
195 3003 264 3076 sere
289 3000 480 3074 sementiam
504 2999 624 3076 flexum
651 3009 752 3086 fuisse,
803 3017 872 3088 Ge.
