2018 3578
89 159 156 234 108
232 149 813 222 Onsartvnnrouas

85 329 314 412 fabricandi,
331 347 505 396 numerum
514 323 903 414 commemorat,&srnul

85 438 195 519 addit,
222 427 401 519 plurimum
415 424 581 497 Bodmitae
597 424 720 496 thartae
735 429 769 497 in
785 424 904 496 Hellan-

86 537 171 605 diam
199 525 288 598 suillo
314 525 390 594 inde
420 527 586 616 exportari
611 521 767 612 solitum,
802 526 855 595 ubi
875 544 907 592 ea

85 637 204 703 iterum
219 623 405 695 molebatur
417 645 456 692 ac
466 622 665 694 reddebatur
674 625 786 694 adhuc
796 623 907 701 terfior.

134 753 167 820 4.
195 724 388 798 Admodum
412 724 522 813 itaque
546 742 626 791 vero
650 723 783 795 videtur
800 720 909 794 {imilli-

84 851 199 911 nrum,
224 829 288 894 iam
314 842 389 891 ante
414 841 533 891 annum
559 841 693 890 crocco.
727 820 910 891 hodiernam

36 951 38 954 ’
87 928 232 996 chartam
254 923 286 989 in
306 919 486 989 Germania
504 917 594 986 luille
611 918 799 989 confestam
817 917 849 990 ἃ
864 919 911 986 diu

88 1026 175 1095 sorte
206 1040 282 1089 ante
314 1039 436 1087 annum
467 1037 600 1088 crocco.
639 1016 912 1108 praestantiffimaur

87 1124 174 1192 hanc
196 1138 321 1201 artem,
352 1137 426 1207 quae
451 1116 627 1187 maximam
656 1124 749 1186 certe‘
773 1113 913 1191 universo

89 1238 248 1299 terrarum
275 1216 348 1284 orbi
373 1212 546 1284 utilitatem
563 1212 702 1299 adtulit,
728 1209 767 1286 dt
783 1236 851 1306 quo
866 1215 914 1290 be·

90 1317 212 1389 nefitio
229 1317 299 1385 eius
313 1316 465 1383 inventor
480 1333 614 1381 omnem
629 1312 856 1403 posteritatem
866 1311 915 1380 libi

90 1417 274 1489 devinctam
298 1415 418 1497 habet,
451 1410 516 1482 five
536 1432 578 1480 ex
595 1409 734 1505 Boiimia
757 1411 814 1482 seu
836 1409 916 1483 ltalia

90 1519 124 1587 in
140 1515 279 1587 nostram
296 1510 548 1595 Pomeraniarn,
572 1509 686 1580 divino
703 1507 837 1593 favente
855 1506 917 1579 Nu·

91 1619 201 1700 mine,
227 1611 414 1684 translatam
430 1607 532 1678 soille.

144 1733 176 1806 5.
203 1710 367 1793 Memini,
391 1729 444 1779 me
462 1710 494 1778 in
508 1704 670 1798 Principis
685 1705 865 1803 Volgastiae
881 1727 920 1775 ta·

97 1811 227 1882 bulario
244 1805 421 1897 aliquando
439 1806 550 1890 videre
571 1805 732 1897 uetustum
748 1805 919 1879 admodum

94 1912 129 1979 in
152 1907 263 1976 charta
286 1923 453 1974 exaratum
470 1903 639 1995 exemplar
655 1904 844 1974 contratlus
861 1924 920 1973 em·

96 2008 216 2087 tionis,
232 2001 389 2072 celebrati
398 2025 486 2085 anno
496 2001 568 2093 poll
584 2001 625 2072 C.
636 2000 683 2074 N.
694 2021 920 2091 craececxcrrr.

96 2109 150 2191 die
176 2101 339 2179 Mercurii
363 2100 435 2192 post
460 2100 648 2171 Cutharinae
669 2099 787 2183 festum
807 2101 841 2189 S.
859 2100 921 2179 Vir·

97 2209 222 2299 ginutn.
272 2199 344 2273 Ubi
360 2201 392 2269 in
409 2199 472 2268 fine
489 2197 559 2268 haec
576 2202 676 2286 verba
691 2200 834 2287 exstant:

193 2449 220 2486 „
244 2395 437 2475 Auscultate
454 2395 487 2468 δι
504 2396 624 2466 collata
643 2396 689 2480 est
707 2395 847 2488 presens
861 2396 923 2476 hae

198 2545 223 2593 ,‚
249 2496 348 2585 eopia
364 2517 424 2585 per
438 2492 844 2582 mePetruanubbecum
853 2492 923 2567 Cle·

196 2648 220 2685 „
246 2596 350 2664 ticum
383 2592 586 2664 Caminensrs
614 2591 840 2679 Dioeceseos,
872 2614 924 2683 pu·

197 2741 220 2776 ,‚
246 2690 922 2782 blicurnImperialiautoritateNotarium,

199 2841 224 2875 „
249 2785 485 2862 &concordat
509 2812 585 2861 cum
609 2812 691 2877 vero
707 2788 767 2867 suo
785 2785 924 2888 originali

197 2937 221 2972 „
247 2885 288 2954 de
313 2891 417 2957 verbo
440 2890 482 2958 ad
514 2892 653 2977 verinum
683 2889 777 2979 quod
801 2887 923 2977 attestor

198 3033 221 3080 „
247 3003 344 3052 manu
361 3008 432 3056 mea
447 2988 592 3077 propriu.
908 3076 924 3146 d

831 3083 904 3180 Quo
