2018 3578
136 144 210 232 aaa
286 140 860 217 ostentationes

152 382 156 387 .
190 321 312 396 Nihilo
340 341 449 393 tamen
472 319 579 394 secius
600 342 669 394 naa
693 324 975 419 impugnabimus,

142 420 208 498 tule
242 420 390 514 diploma
412 421 461 492 illi
484 421 614 514 oppido
643 421 727 492 olim
754 424 799 494 ab
823 423 974 517 Adolpbu

140 520 279 601 Comite
309 517 399 592 fallio
422 519 598 617 largitum
623 518 705 607 sed,
738 542 782 594 ex
808 523 977 598 consuetu·

142 621 218 690 dine
239 619 328 691 illius
353 618 459 691 saeculi
485 623 519 690 ln
542 621 751 690 membrana:
777 621 874 714 quod
905 620 968 701 eas¹

138 719 285 810 ‚quodam
302 717 427 791 infelici
444 719 621 790 intercidit.
669 717 758 789 Istud
770 742 875 805 vero,
889 720 974 812 quod

139 815 206 911 jam
231 822 264 890 in
288 820 400 890 charta
424 818 510 889 linea
536 817 709 904 servatur,
745 821 974 914 apographum

139 917 298 1003 uidetur,
339 919 517 1009 antiquitus
564 937 716 986 accurate
759 915 975 1011 descriptum,

138 1035 259 1104 atque,
283 1015 402 1084 litteris
424 1015 621 1084 authenticis
645 1013 848 1104 deperditis,
874 1016 974 1112 iigillu

140 1113 254 1202 aliquo
284 1113 421 1205 prisco,
452 1115 495 1185 ad
518 1113 614 1185 instar
640 1111 834 1204 diplomatis
857 1114 974 1198 Liada·

138 1212 282 1300 aiensis,
319 1230 500 1298 ornatum,
543 1232 579 1283 ut
616 1211 751 1282 illorum
781 1211 865 1286 loco
895 1214 973 1288 elset.

140 1310 294 1407 Sigillum
319 1333 428 1383 autem
454 1332 530 1390 cera
554 1309 628 1388 alba
644 1309 793 1396 constat;
820 1312 879 1384 sed
895 1315 972 1386 adea

138 1413 183 1496 ab
207 1430 360 1503 tempore
385 1410 573 1493 exsiccata,
607 1409 746 1495 derasa,
778 1430 882 1503 atque
905 1411 971 1486 fria·

139 1510 227 1596 bili,
260 1528 321 1596 ut,
355 1509 448 1600 quod
471 1507 656 1598 symbolum
682 1507 860 1594 retulerit,
892 1534 971 1608 aegte

138 1608 277 1709 dignollt
301 1608 408 1698 polit.
458 1607 583 1678 Charta
604 1605 807 1695 tenuium,
834 1609 970 1694 ¹secusne

138 1711 173 1789 in
207 1708 436 1779 vetustioribus
460 1706 530 1776 aliis
555 1706 817 1797 speciminibus,
854 1713 972 1803 reperi

138 1828 208 1885 tut:
237 1805 433 1895 eidemque,
459 1826 497 1874 ea
522 1803 564 1874 de
586 1804 714 1892 canili,
748 1804 841 1879 aliud
863 1829 970 1884 tecen-

138 1910 202 1990 tius
218 1903 337 1980 folium
352 1901 604 1996 adglutinatam.

186 2000 271 2076 Haec
295 2002 371 2073 talla
396 2023 472 2072 cum
498 2003 530 2071 in
549 2002 758 2073 documentis
776 2002 969 2092 obveniant,

135 2102 179 2185 de
206 2103 327 2196 quibus
353 2101 436 2171 nibil
463 2100 544 2170 olim
571 2099 817 2185 dubitationis,
860 2108 968 2196 peritis

135 2206 235 2290 etiam
261 2204 295 2272 in
320 2200 372 2273 his
394 2198 505 2271 studiis
525 2198 735 2285 hominibus,
760 2221 896 2274 enatum
915 2204 970 2274 eil:

135 2300 360 2382 confidimus,
397 2299 513 2369 dailos
537 2299 652 2382 viros,
684 2298 806 2389 quibus
834 2300 969 2374 aliorum

134 2403 170 2471 in
201 2399 313 2484 charta
341 2395 428 2467 linea
457 2413 749 2468 monumentorum
771 2398 895 2472 indicia
919 2400 970 2472 de.-

134 2503 281 2582 bemus,
319 2493 437 2566 eadem
477 2515 569 2566 novo
606 2493 729 2564 rursum
770 2495 970 2591 subjeiiuros

135 2598 289 2676 examini.
341 2592 378 2665 In
404 2594 471 2664 hoc
498 2614 580 2663 vero
602 2591 794 2683 permulta,
832 2596 876 2668 ad
898 2597 969 2669 scri·

134 2697 238 2778 luendi
267 2697 430 2768 rationem
465 2691 715 2782 litterarumque
744 2692 862 2767 duiius
901 2717 969 2788 qua

134 2798 328 2890 pertinent,
360 2792 404 2863 ab
435 2810 505 2863 arte
529 2787 772 2880 diplomatica,
813 2794 916 2866 etiam
937 2795 968 2863 in

133 2887 520 2984 podicibus,‚petenda.
567 2886 641 2968 'sed
672 2885 804 2971 samma<
828 2891 910 2966 licet
937 2896 967 2963 iu

131 2992 182 3086 bis
216 2990 371 3078 cautione
408 2985 601 3074 versemur?
635 3004 775 3080 tumea,
813 2993 967 3086 quana
