2018 3578
149 167 215 238 Dr
241 167 367 238 Oura.
392 163 557 239 Cunna.
582 165 743 240 Lruurn.
821 191 892 266 109

108 343 218 441 Quod
242 345 433 440 exemplum
452 348 543 429 lunata
558 370 695 429 omnem
711 349 891 439 probabili·

58 466 162 517 tatem
180 443 215 516 ἃ
231 467 338 517 reram
356 446 612 529 circumstantius
627 449 714 519 haud
728 450 772 518 ita
785 449 893 518 multo

62 565 215 633 tempore
233 545 305 634 poll
322 545 427 635 ipsum
443 548 629 627 contraffina
645 547 892 618 instrumentum

60 639 285 732 conscriptum
319 644 423 713 videri
455 644 575 739 petell.
624 642 683 727 Est
714 666 824 715 autem
858 648 893 716 in

59 739 235 811 finnillrma
260 737 294 811 ἃ
314 761 474 833 perquam
490 739 631 813 durabili
646 763 794 833 papyro,
820 764 893 832 quae

58 861 150 909 nunc
167 842 231 908 iam
247 861 346 909 cem.
370 859 531 909 annorum
548 838 612 926 est,
634 839 780 911 obscuris
798 839 894 912 valde

58 937 177 1006 litteris
210 935 459 1007 lllonachorum
491 958 584 1007 more
620 960 814 1024 exaratum,
858 936 894 1010 δε

59 1056 263 1104 memoratur
278 1038 311 1103 in
328 1034 387 1106 illo
401 1036 616 1115 instrumento
632 1042 759 1126 emptio
777 1038 895 1108 domus

59 1133 231 1204 cuiusdam
256 1155 294 1202 ac
317 1134 441 1224 praedii.
492 1132 530 1209 In
555 1138 659 1213 veteri
683 1137 744 1206 hac
763 1137 894 1220 charta,

63 1252 138 1320 quae
156 1229 227 1299 lere
242 1231 383 1305 duorum
399 1228 574 1305 &dimidii
590 1232 690 1303 seculi
705 1236 768 1313 est,
787 1234 897 1303 obscr-

64 1331 169 1412 vavi,
209 1327 334 1421 srgnum
367 1329 583 1425 longitudinis
608 1333 703 1411 unius
728 1333 821 1424 digiti
846 1354 896 1400 re·

60 1425 148 1496 ferre
169 1424 409 1518 Episcopalem
427 1429 572 1518 pileum,
599 1430 633 1497 in
649 1447 799 1503 extremo
817 1428 896 1517 pilei

64 1526 239 1595 cacumine
262 1525 366 1619 figura
381 1545 450 1595 etat
464 1525 584 1609 llellre,
614 1528 765 1615 proxime
785 1524 842 1594 sub
858 1549 898 1596 ea

59 1622 189 1718 fignum
225 1644 293 1692 etat
323 1625 457 1705 crucis,
491 1627 525 1695 in
552 1642 690 1714 utraque
712 1645 805 1715 parte
831 1643 897 1693 tres

62 1740 160 1790 erant
179 1721 314 1791 rotundi
331 1721 462 1815 globuli
477 1720 722 1813 conspiciendi,
747 1724 804 1812 qui
822 1726 898 1791 toti·

60 1820 140 1889 dem
166 1841 313 1913 gemmas
338 1818 490 1891 indicalle
514 1820 693 1904 videntur,
727 1823 760 1891 in
787 1823 900 1893 medio

60 1917 145 2009 pilei
169 1917 381 2011 Episcopalis
404 1916 509 1991 rursus
531 1917 656 2015 signum
680 1919 775 1989 instar
793 1926 900 1992 crucis

63 2017 265 2105 adparebat,
281 2037 354 2107 quae
369 2016 449 2095 duas
464 2017 583 2091 limIles
598 2039 639 2089 ex
654 2038 790 2109 utraque
807 2040 899 2105 parre

62 2113 124 2182 fibi
151 2117 301 2203 proxime
326 2115 483 2202 liaberet,
508 2114 623 2207 paullo
646 2114 781 2185 inferius
805 2114 901 2204 supra

61 2214 259 2293 cavitatem,
284 2234 358 2303 quae
383 2234 483 2304 capnt
506 2216 606 2307 tegit,
634 2232 729 2281 erant
752 2214 900 2302 quinque

65 2311 203 2380 rotundi
219 2311 348 2404 globuli
365 2310 420 2391 seu
436 2332 595 2405 gemmae,
613 2306 708 2401 supra
720 2332 801 2403 quas
814 2310 902 2382 linea

64 2411 164 2479 daila
197 2430 266 2478 erat
290 2408 474 2500 paullulum
499 2411 695 2492 incurvata,
737 2412 770 2479 in
795 2405 901 2499 eaque

64 2509 193 2598 septem
211 2508 400 2579 huiusmodi
408 2507 503 2605 ,figna
519 2505 562 2577 V.
588 2504 646 2575 fibi
662 2508 804 2577 invicem
820 2529 902 2578 con·

63 2607 175 2676 iuncla
198 2605 506 2697 conspiciebantur,
550 2607 583 2685 in
614 2626 758 2693 quc-rum
784 2628 903 2695 quarto

64 2706 133 2775 five
157 2703 312 2774 adcurate
337 2708 370 2773 in
392 2698 504 2785 me'dlo
520 2703 602 2797 pilei
618 2696 829 2794 Episcopalis
847 2728 901 2775 ro·

69 2801 191 2874 tundus
208 2801 366 2896 globulus
382 2800 438 2873 seu
454 2804 626 2896 margarita
636 2821 706 2869 erat
717 2803 903 2889 collocata,

67 2903 164 2991 supra
187 2922 286 2989 quam
314 2922 452 2992 paruum
478 2901 634 2993 paullum
656 2920 725 2971 erat
742 2902 903 2991 positum,

72 3001 120 3071 uti
137 3001 171 3069 in
188 2999 250 3070 hac
269 2997 380 3072 tabula
396 2998 484 3075 clare
501 2998 556 3077 illa
573 2997 781 3073 exhibentur.
826 3091 859 3163 H

839 3124 842 3129 ·
861 3117 908 3161 ae
