2018 3578
114 155 831 253 n550asaavar10uat

67 432 72 441 ,
129 345 416 445 apriquitati'plus
438 345 738 434 minusvelaveut,
771 340 848 436 sed,
873 351 970 443 quod

129 457 236 548 tnagis
257 451 322 534 eli,
352 453 471 522 veritas
490 468 626 543 quoque
645 445 803 520 falsitasve
821 453 968 525 nonnul·

117 546 241 624 'lurum
274 549 524 642 diplomatum,
562 565 636 635 quae
670 549 778 618 eidem
810 549 968 641 inscripta

129 672 295 730 annorum,
315 665 399 741 450.
432 651 501 718 imo
525 643 684 736 majorem
707 647 901 719 vetustatem
918 653 966 720 in·

128 742 262 832 dicant,
287 747 472 843 detegatur.

177 846 289 919 Nobis
311 845 368 918 etsr
384 868 451 916 non
468 844 599 916 licuerit
614 841 677 914 elie
693 863 758 914 tam
775 843 902 931 beatis,
928 861 964 918 ut·

117 950 316 1039 proximum
345 958 476 1036 tempus
501 943 695 1015 introducta
719 942 817 1034 hujus
842 946 962 1017 charta·

121 1048 376 1127 invenerimus,
413 1046 499 1113 varia
526 1064 635 1112 tamen
658 1045 690 1111 in
709 1043 795 1128 hanc
811 1064 882 1115 rem
902 1045 960 1114 ob·

118 1143 259 1216 mnatre
300 1143 443 1237 contigit
474 1141 552 1212 alibi
585 1140 674 1212 haud
705 1143 834 1225 obvia,
872 1143 958 1215 unde

120 1241 256 1335 epocha
278 1240 335 1313 illa
356 1242 456 1312 certis
478 1239 639 1312 limitibus
654 1239 957 1327 circumscribetur,

120 1338 261 1434 aliisque
276 1339 513 1435 progrediendi
528 1339 666 1410 ulterius
681 1335 850 1429 aperietur
865 1342 929 1414 via

119 1494 122 1499 -
172 1437 324 1512 tlttero
339 1441 448 1511 omnis
460 1457 584 1522 error,
617 1439 649 1506 in
663 1461 763 1529 quem
783 1437 896 1528 plures
912 1443 956 1510 in·

118 1538 256 1626 cidere,
288 1538 345 1611 hic
368 1540 529 1620 evitetur,
561 1536 788 1632 distinguenda
809 1536 882 1609 sunt
900 1539 956 1608 trir

119 1641 290 1732 praecipue
318 1638 441 1709 chartae
469 1657 622 1732 genera,
663 1658 765 1707 unum
781 1633 955 1731 AEgyptia·

119 1756 211 1819 curn,
239 1758 281 1808 ex
304 1735 470 1828 pelliculis
493 1735 604 1805 herbar
623 1738 761 1828 papyri,
785 1736 955 1807 ueletiam

121 1839 249 1906 cortice
266 1837 393 1905 arboris
410 1831 621 1915 confecinm,
648 1834 786 1905 alterum
803 1834 955 1929 bombyci·

119 1953 196 2003 κιαι
211 1930 489 2028 sengnffypinum
501 1983 516 2014 ,
547 1954 568 2001 e
582 1931 659 2021 pilis
674 1932 830 2023 pannisve
846 1955 954 2007 cuttu·

119 2033 195 2113 ueis
209 2031 425 2115 fabricatum,
442 2032 640 2120 tertiumque
653 2031 953 2125 vulgarenostrum

121 2130 216 2222 quod
235 2149 278 2202 ex
294 2138 444 2201 veterum
460 2128 623 2199 linteorum
639 2130 785 2220 reliqniis
801 2133 953 2203 contritis

120 2248 162 2301 nc
186 2233 363 2303 maceratis
390 2247 534 2321 paratur.
583 2229 677 2299 Alias
705 2251 787 2299 vero
811 2229 953 2320 species,

120 2329 210 2419 apud
226 2325 378 2399 Sirenses
390 2326 657 2420 Japonensel'que
673 2350 691 2397 a
706 2327 856 2418 pluribus
867 2350 952 2400 retro

119 2425 247 2499 suculis
261 2432 432 2518 receptas,
456 2427 513 2496 hic
528 2447 712 2495 memorare
726 2427 808 2495 nihil
820 2430 951 2511 attinet,

119 2525 162 2599 de
178 2528 299 2617 quibus
315 2529 442 2617 optime
457 2545 566 2616 nuper
578 2527 647 2613 egit
662 2524 718 2594 Cl.
736 2526 777 2594 de
794 2518 825 2596 la
838 2525 952 2599 Laude

115 2620 196 2695 dats
218 2625 291 2694 l'arr
317 2626 353 2694 de
367 2621 462 2718 faite
485 2623 640 2716 lrpnpier
666 2623 685 2711 (
696 2624 812 2694 inserta
828 2627 952 2697 eximio

117 2720 313 2817 syntagmati
330 2725 536 2794 aAcademite
563 2721 747 2793 Scientiaru
807 2721 953 2794 Parilinn

115 2818 159 2890 de
173 2825 297 2892 artibus
313 2823 579 2917 mechanicisiae
595 2823 626 2912 §.
652 2841 731 2914 150.
819 2825 898 2895 181.
942 2874 947 2883 ·

78 2935 82 2939 ’
125 2948 135 2991 ;
165 2916 380 3014 AEgyptiacae
403 2923 525 2992 churrae
551 2920 670 3003 usum,
702 2919 793 3012 apud
814 2920 951 2992 Graecos

114 3009 354 3135 Ramnesque
366 3018 847 3114 uinfiequenuffinun‚sua
859 3038 950 3185 εφιῖ
