2018 3578
149 161 219 236 160
293 153 866 233 Ousurtvnutouus

149 337 230 432 quid
253 333 295 403 de
323 332 443 402 chartae
458 330 554 402 linea
569 333 765 425 antiquitate
780 339 823 408 ab
842 337 966 411 litteratis

148 433 339 510 hominibus
365 430 563 521 disputatum
588 430 669 517 fuit,
704 437 871 528 quidquid
893 442 967 508 ratiis

148 539 182 606 in
208 529 397 626 regionibus
424 527 654 616 observatum,
689 536 857 626 evisium,
886 540 969 608 omni·

83 718 87 724 ⁵
147 654 205 702 unt
228 633 274 705 ob
299 628 416 699 oculos
438 628 607 720 posueris:
642 648 684 698 ex
713 653 786 722 quo
810 633 869 722 δι,
901 636 969 706 unde

148 731 245 802 altius
273 729 457 798 scrutatoris
483 727 678 797 ordiendum
695 728 807 823 soret,
835 737 972 821 consistit,

149 829 306 921 &quarn
330 829 416 895 viam
440 834 611 911 tenerent,
643 822 680 897 &
704 851 854 923 quanto,
878 854 971 927 quaut-

148 951 213 1020 que
231 946 332 994 acuto
346 923 449 1014 judici
468 925 519 993 sua
537 927 799 1002 committerent.
853 968 857 975 ·

197 1024 259 1092 His
294 1020 402 1111 Tuis,
437 1024 562 1113 optimc
588 1021 842 1113 Meemanne,
874 1031 972 1102 metitis

146 1123 316 1211 immorari
337 1141 380 1189 eo
406 1123 510 1215 magis
533 1119 702 1192 obstrictos
728 1148 793 1197 nos
811 1131 972 1216 credimus,

147 1242 217 1311 quo
243 1219 359 1311 majori
377 1219 551 1302 modestia,
578 1221 610 1289 in
629 1218 752 1310 quibus
771 1227 972 1319 pius'reliqtis

147 1319 359 1411 praestiteris,
394 1316 570 1400 reticuisti3
603 1315 639 1389 &
663 1342 707 1388 ne
733 1324 892 1398 assensum
914 1326 973 1396 Tibi

145 1422 252 1519 magis
276 1420 321 1488 ob
340 1418 591 1487 demonstratam
609 1437 688 1512 erga
705 1438 770 1490 nos
791 1425 972 1497 benevolen-

148 1522 246 1604 tiam,
278 1516 332 1588 vel
357 1517 477 1600 etium,
508 1514 600 1606 quod
625 1518 658 1585 in
683 1538 756 1590 rem
780 1522 888 1616 ipsam
907 1523 970 1595 serio

145 1618 333 1709 inquirendi
374 1615 523 1708 laborem
561 1610 782 1709 fugissemus,
824 1619 971 1715 praebuise

145 1717 325 1790 uideamur.
376 1711 467 1783 Huic
497 1731 633 1802 quoque
655 1713 844 1809 diligentia
870 1719 969 1816 potissi·

145 1832 238 1882 mum
265 1814 460 1901 tribuimus,
492 1809 583 1902 quod
607 1813 639 1881 in
665 1814 873 1912 colligendis
897 1819 970 1892 undi-

144 1906 211 2000 que
232 1908 273 1978 nd
297 1928 366 1978 rem
389 1908 556 2000 quaesitam
584 1908 898 2007 obseruationibus,
918 1939 969 1990 tan·

145 2029 251 2105 taeque
277 2008 415 2078 raritatis
440 2007 671 2095 documentis,
696 2022 740 2081 ea'
758 2013 917 2090 felicitate
929 2015 969 2086 ad-

142 2108 232 2201 jutus
264 2106 315 2177 fis.
373 2103 469 2176 Hanc
507 2114 798 2200 nempe‚·quod
832 2117 969 2210 majorem

142 2207 251 2289 adhuc
266 2224 461 2296 exoptatus,
479 2200 602 2295 speque
620 2205 709 2277 haud
728 2212 819 2286 inani
837 2215 968 2309 praesun-

142 2303 257 2388 serns‚
290 2326 359 2374 non
398 2305 478 2374 tanti
509 2302 631 2376 habere
665 2305 968 2406 videris3'quanti,

141 2404 344 2494 experientia
375 2402 509 2496 propria
540 2400 678 2488 edesii,
715 2426 791 2478 eam
826 2413 968 2483 existina-

142 2523 227 2589 tuus,
285 2499 374 2576 Cum
413 2503 530 2586 enim,
563 2500 680 2573 decem
717 2506 847 2579 abhinc
875 2511 968 2589 annis,

141 2600 292 2670 canadam
317 2599 529 2690 quaestionem
555 2602 602 2668 rei
626 2602 741 2691 petitis
765 2607 968 2679 dirimendam

140 2698 357 2787 proposuisset
383 2698 492 2792 Regia
516 2695 692 2767 Societas:
728 2705 803 2792 post
829 2709 967 2778 binorum

141 2815 302 2872 annorum
335 2799 537 2880 decursum,
576 2800 709 2867 unicum
744 2820 874 2876 tantum
909 2803 968 2876 tulit

138 2888 315 2980 scriptum
341 2916 378 2960 ea
397 2915 504 2965 tamen
520 2898 731 2966 accuratione
747 2899 964 2982 elaborarunt,

137 3007 174 3078 pt
203 2987 337 3087 dignum
362 2989 443 3077 iilud
465 2993 645 3086 judicarit,
677 2999 771 3086 quod
798 3004 964 3074 constituto

921 3117 963 3168 or·
